Time,Price,Volume,Side
10:16:53,2059.00,6,B
10:16:53,2059.20,1,M
10:16:53,2059.00,2,B
10:16:53,2059.20,2,M
10:16:53,2059.10,1,M
10:16:53,2059.10,1,M
10:16:51,2059.00,17,B
10:16:51,2059.00,8,B
10:16:49,2059.20,7,M
10:16:49,2059.20,1,M
10:16:49,2059.20,1,M
10:16:49,2059.20,2,M
10:16:49,2059.10,1,M
10:16:49,2059.10,8,M
10:16:49,2059.10,7,M
10:16:49,2059.00,15,M
10:16:49,2059.00,1,M
10:16:49,2059.00,1,M
10:16:49,2058.90,20,M
10:16:49,2058.90,4,M
10:16:49,2058.80,1,M
10:16:49,2058.70,1,M
10:16:49,2058.70,1,B
10:16:48,2058.80,1,M
10:16:47,2058.80,5,M
10:16:44,2058.40,3,B
10:16:44,2058.50,1,B
10:16:44,2058.50,1,B
10:16:44,2058.60,1,B
10:16:44,2058.80,1,M
10:16:44,2058.70,1,M
10:16:43,2058.80,1,M
10:16:43,2058.80,6,M
10:16:43,2058.70,3,M
10:16:43,2058.70,2,M
10:16:41,2058.70,1,M
10:16:41,2058.60,1,B
10:16:40,2058.70,1,M
10:16:38,2058.70,1,M
10:16:38,2058.60,2,M
10:16:37,2058.60,1,B
10:16:37,2058.60,1,B
10:16:37,2058.60,1,B
10:16:35,2058.30,1,B
10:16:35,2058.30,1,B
10:16:35,2058.20,4,B
10:16:35,2058.20,5,B
10:16:35,2058.20,7,B
10:16:35,2058.30,8,B
10:16:35,2058.30,1,B
10:16:35,2058.30,3,B
10:16:35,2058.30,1,B
10:16:35,2058.30,7,B
10:16:35,2058.40,1,B
10:16:35,2058.40,2,B
10:16:35,2058.40,6,B
10:16:35,2058.50,4,B
10:16:35,2058.60,1,B
10:16:33,2058.90,2,M
10:16:31,2058.90,1,M
10:16:31,2058.80,1,M
10:16:30,2059.00,3,B
10:16:29,2059.00,3,B
10:16:29,2059.00,5,B
10:16:28,2059.10,1,M
10:16:28,2059.10,1,M
10:16:28,2059.00,1,M
10:16:28,2059.00,5,M
10:16:28,2059.00,2,M
10:16:28,2059.00,2,M
10:16:28,2059.00,10,M
10:16:28,2059.00,1,M
10:16:28,2059.00,1,M
10:16:28,2059.00,2,M
10:16:28,2059.00,1,M
10:16:28,2058.90,2,M
10:16:28,2058.90,5,M
10:16:28,2058.80,1,M
10:16:28,2058.80,5,M
10:16:28,2058.80,1,M
10:16:28,2058.80,2,M
10:16:28,2058.70,1,M
10:16:28,2058.70,1,M
10:16:28,2058.60,1,M
10:16:26,2058.80,1,M
10:16:26,2058.70,1,M
10:16:26,2058.70,1,M
10:16:26,2058.70,1,M
10:16:26,2058.60,1,M
10:16:26,2058.20,3,B
10:16:26,2058.20,10,B
10:16:26,2058.20,1,B
10:16:26,2058.20,3,B
10:16:26,2058.20,1,B
10:16:25,2058.50,1,B
10:16:24,2058.60,1,M
10:16:23,2058.50,2,M
10:16:23,2058.20,1,B
10:16:23,2058.20,1,B
10:16:21,2058.70,1,M
10:16:20,2058.10,2,B
10:16:20,2058.10,8,B
10:16:20,2058.20,13,B
10:16:20,2058.20,1,B
10:16:20,2058.20,1,B
10:16:20,2058.20,25,B
10:16:19,2058.20,1,B
10:16:19,2058.40,1,B
10:16:18,2058.20,3,B
10:16:18,2058.20,3,B
10:16:18,2058.20,4,B
10:16:18,2058.20,1,B
10:16:18,2058.30,1,B
10:16:18,2058.30,1,B
10:16:18,2058.30,2,B
10:16:18,2058.30,1,B
10:16:18,2058.30,17,B
10:16:18,2058.40,1,B
10:16:18,2058.40,1,B
10:16:18,2058.40,1,B
10:16:18,2058.40,3,B
10:16:18,2058.50,8,B
10:16:18,2058.70,1,B
10:16:18,2058.70,2,B
10:16:18,2058.90,1,M
10:16:18,2058.90,1,M
10:16:18,2058.90,1,M
10:16:18,2058.90,3,M
10:16:18,2058.90,1,M
10:16:16,2058.80,1,M
10:16:16,2058.90,1,M
10:16:16,2058.90,8,M
10:16:16,2058.70,1,M
10:16:16,2058.70,1,M
10:16:16,2058.70,1,M
10:16:16,2058.70,1,M
10:16:16,2058.70,1,M
10:16:16,2058.70,1,M
10:16:16,2058.70,1,M
10:16:15,2058.70,1,M
10:16:15,2058.70,1,M
10:16:15,2058.60,1,M
10:16:15,2058.30,2,B
10:16:15,2058.30,1,B
10:16:14,2058.50,1,B
10:16:14,2058.50,3,M
10:16:14,2058.50,2,M
10:16:14,2058.50,3,M
10:16:14,2058.50,2,M
10:16:14,2058.50,2,M
10:16:14,2058.20,10,B
10:16:13,2058.50,6,M
10:16:13,2058.50,1,M
10:16:13,2058.50,1,M
10:16:13,2058.50,1,M
10:16:13,2058.50,2,M
10:16:13,2058.40,3,M
10:16:13,2058.40,2,M
10:16:13,2058.40,1,M
10:16:12,2058.40,1,M
10:16:11,2058.20,11,B
10:16:11,2058.20,1,B
10:16:11,2058.30,13,B
10:16:10,2058.50,1,M
10:16:10,2058.30,2,B
10:16:10,2058.40,1,M
10:16:10,2058.30,1,B
10:16:10,2058.30,4,M
10:16:08,2058.10,1,B
10:16:07,2058.30,1,M
10:16:04,2058.10,1,B
10:16:04,2058.50,1,M
10:16:04,2058.00,2,B
10:16:04,2058.00,5,B
10:16:04,2058.00,1,B
10:16:04,2058.00,1,B
10:16:04,2058.30,1,B
10:16:02,2058.00,1,B
10:16:02,2058.00,2,B
10:16:02,2058.00,1,B
10:16:01,2058.00,1,B
10:16:01,2058.00,1,B
10:16:01,2058.50,1,M
10:16:01,2058.10,1,B
10:16:01,2058.50,1,M
10:16:00,2058.00,10,B
10:16:00,2058.20,10,B
10:16:00,2058.00,1,B
10:16:00,2058.00,1,B
10:16:00,2058.00,1,B
10:16:00,2058.00,2,B
10:16:00,2058.00,12,B
10:16:00,2058.10,1,B
10:16:00,2058.10,1,B
10:16:00,2058.10,4,B
10:16:00,2058.10,1,B
10:16:00,2058.10,1,B
10:16:00,2058.20,1,B
10:15:59,2058.50,1,M
10:15:59,2058.10,1,B
10:15:59,2058.10,3,B
10:15:59,2058.10,50,B
10:15:59,2058.20,1,B
10:15:59,2058.20,29,B
10:15:59,2058.20,16,B
10:15:59,2058.50,1,M
10:15:58,2058.20,1,B
10:15:58,2058.30,1,B
10:15:58,2058.30,1,B
10:15:56,2058.20,2,B
10:15:54,2058.30,2,M
10:15:54,2058.20,1,B
10:15:54,2058.30,1,B
10:15:54,2058.50,5,M
10:15:54,2058.40,5,M
10:15:52,2058.20,1,B
10:15:51,2058.20,1,B
10:15:51,2058.20,2,B
10:15:50,2058.40,1,B
10:15:49,2058.40,1,M
10:15:49,2058.20,2,B
10:15:48,2058.20,1,B
10:15:48,2058.40,2,B
10:15:47,2058.40,7,B
10:15:46,2058.20,2,B
10:15:45,2058.50,1,M
10:15:45,2058.40,1,M
10:15:45,2058.00,1,B
10:15:43,2058.00,1,B
10:15:43,2058.00,1,B
10:15:43,2058.00,1,B
10:15:43,2058.00,5,B
10:15:43,2058.00,1,B
10:15:43,2058.00,6,B
10:15:43,2058.00,2,B
10:15:43,2058.00,11,B
10:15:43,2058.30,1,M
10:15:43,2058.00,10,B
10:15:43,2058.00,1,B
10:15:43,2058.00,1,B
10:15:43,2058.20,1,M
10:15:43,2058.20,3,M
10:15:43,2058.20,1,M
10:15:43,2058.00,4,B
10:15:43,2058.00,1,B
10:15:42,2058.00,1,B
10:15:42,2058.00,2,B
10:15:42,2058.00,5,B
10:15:42,2058.00,4,B
10:15:42,2058.00,1,B
10:15:42,2058.00,2,B
10:15:42,2058.00,5,B
10:15:42,2058.00,1,B
10:15:42,2058.00,1,B
10:15:42,2058.00,4,B
10:15:42,2058.00,1,B
10:15:42,2058.00,2,B
10:15:42,2058.00,2,B
10:15:42,2058.00,12,B
10:15:42,2058.00,1,B
10:15:42,2058.00,1,B
10:15:42,2058.00,1,B
10:15:42,2058.00,1,B
10:15:42,2058.00,1,B
10:15:42,2058.00,3,B
10:15:42,2058.00,5,B
10:15:42,2058.00,3,B
10:15:42,2058.00,1,B
10:15:42,2058.00,1,B
10:15:42,2058.00,3,B
10:15:42,2058.00,2,B
10:15:42,2058.00,1,B
10:15:42,2058.00,1,B
10:15:42,2058.00,1,B
10:15:42,2058.00,2,B
10:15:42,2058.00,1,B
10:15:42,2058.00,2,B
10:15:42,2058.00,1,B
10:15:41,2058.00,1,B
10:15:41,2058.20,1,M
10:15:41,2058.10,1,B
10:15:41,2058.10,3,B
10:15:40,2058.10,1,B
10:15:40,2058.10,1,B
10:15:40,2058.10,1,B
10:15:40,2058.10,1,B
10:15:40,2058.10,2,B
10:15:40,2058.10,36,B
10:15:40,2058.10,2,B
10:15:40,2058.10,2,B
10:15:40,2058.10,1,B
10:15:40,2058.10,1,B
10:15:40,2058.10,1,B
10:15:40,2058.10,1,B
10:15:40,2058.10,1,B
10:15:40,2058.10,1,B
10:15:40,2058.10,5,B
10:15:40,2058.10,6,B
10:15:40,2058.10,2,B
10:15:40,2058.10,1,B
10:15:40,2058.10,1,B
10:15:40,2058.10,4,B
10:15:40,2058.10,1,B
10:15:40,2058.20,1,B
10:15:40,2058.20,1,B
10:15:40,2058.20,1,B
10:15:40,2058.20,2,B
10:15:40,2058.20,1,B
10:15:40,2058.20,2,B
10:15:40,2058.20,1,B
10:15:40,2058.20,29,B
10:15:40,2058.30,14,B
10:15:40,2058.30,4,B
10:15:39,2058.60,3,M
10:15:39,2058.50,1,M
10:15:39,2058.40,1,B
10:15:39,2058.40,1,B
10:15:39,2058.30,4,M
10:15:39,2058.20,4,B
10:15:39,2058.30,1,M
10:15:39,2058.20,2,B
10:15:39,2058.20,15,B
10:15:39,2058.20,1,B
10:15:39,2058.20,1,B
10:15:39,2058.20,1,B
10:15:39,2058.20,1,B
10:15:39,2058.20,2,B
10:15:39,2058.30,1,B
10:15:39,2058.30,4,B
10:15:39,2058.30,1,B
10:15:39,2058.30,1,B
10:15:39,2058.30,3,B
10:15:39,2058.30,3,B
10:15:39,2058.30,20,B
10:15:39,2058.30,4,B
10:15:39,2058.30,1,B
10:15:39,2058.30,1,B
10:15:39,2058.30,1,B
10:15:39,2058.30,2,B
10:15:39,2058.30,3,B
10:15:39,2058.40,1,B
10:15:39,2058.40,1,B
10:15:39,2058.40,2,B
10:15:39,2058.40,4,B
10:15:39,2058.40,1,B
10:15:39,2058.40,1,B
10:15:39,2058.40,4,B
10:15:39,2058.40,3,B
10:15:39,2058.40,2,B
10:15:39,2058.40,1,B
10:15:39,2058.40,1,B
10:15:39,2058.40,1,B
10:15:39,2058.40,1,B
10:15:39,2058.40,1,B
10:15:39,2058.40,2,B
10:15:39,2058.50,1,B
10:15:39,2058.50,6,B
10:15:39,2058.60,1,B
10:15:38,2058.60,1,B
10:15:38,2058.50,2,B
10:15:38,2058.50,2,B
10:15:38,2058.50,10,B
10:15:38,2058.50,1,B
10:15:38,2058.50,1,B
10:15:38,2058.50,1,B
10:15:38,2058.50,1,B
10:15:38,2058.50,8,B
10:15:38,2058.50,4,B
10:15:38,2058.50,2,B
10:15:38,2058.50,2,B
10:15:38,2058.50,1,B
10:15:38,2058.50,2,B
10:15:38,2058.50,1,B
10:15:38,2058.50,1,B
10:15:38,2058.50,2,B
10:15:38,2058.60,1,B
10:15:38,2058.60,8,B
10:15:38,2058.70,1,B
10:15:38,2058.80,1,B
10:15:38,2059.10,1,M
10:15:38,2059.00,1,M
10:15:38,2058.90,1,B
10:15:38,2058.80,1,B
10:15:35,2058.60,12,B
10:15:35,2058.60,1,B
10:15:35,2058.60,1,B
10:15:35,2058.60,2,B
10:15:35,2058.60,1,B
10:15:35,2058.60,1,B
10:15:35,2058.60,4,B
10:15:35,2058.60,2,B
10:15:35,2058.60,2,B
10:15:35,2058.60,2,B
10:15:35,2058.60,1,B
10:15:35,2058.60,3,B
10:15:35,2058.70,2,B
10:15:35,2058.70,1,B
10:15:35,2058.70,1,B
10:15:35,2058.70,1,B
10:15:35,2058.70,1,B
10:15:35,2058.70,12,B
10:15:35,2059.10,1,M
10:15:35,2059.00,2,M
10:15:35,2059.00,1,M
10:15:35,2058.70,17,B
10:15:35,2058.70,1,B
10:15:35,2058.70,1,B
10:15:35,2058.70,3,B
10:15:35,2058.80,1,B
10:15:35,2058.80,1,B
10:15:35,2058.80,1,B
10:15:35,2058.80,3,B
10:15:35,2058.80,2,B
10:15:35,2058.80,1,B
10:15:35,2058.80,2,B
10:15:35,2058.80,1,B
10:15:35,2058.80,16,B
10:15:33,2058.80,1,B
10:15:33,2058.80,1,B
10:15:31,2058.80,2,B
10:15:30,2059.00,1,M
10:15:29,2059.00,1,M
10:15:28,2059.00,1,M
10:15:27,2058.80,7,B
10:15:27,2058.80,3,B
10:15:27,2059.00,1,M
10:15:27,2059.00,1,M
10:15:26,2059.00,1,M
10:15:26,2058.80,1,B
10:15:26,2059.00,1,M
10:15:26,2059.00,2,M
10:15:24,2059.20,1,M
10:15:24,2059.20,4,M
10:15:24,2059.00,1,M
10:15:23,2059.20,2,M
10:15:23,2059.10,3,M
10:15:23,2059.10,2,M
10:15:23,2059.00,1,M
10:15:22,2059.00,1,B
10:15:22,2059.00,1,B
10:15:22,2059.00,2,B
10:15:21,2059.00,1,B
10:15:21,2059.00,1,B
10:15:21,2059.00,1,B
10:15:20,2059.20,4,M
10:15:20,2059.20,3,M
10:15:20,2059.10,2,M
10:15:20,2059.10,1,M
10:15:19,2059.00,2,B
10:15:18,2059.00,2,B
10:15:17,2059.00,1,M
10:15:17,2058.80,2,B
10:15:17,2058.90,1,B
10:15:17,2058.90,1,B
10:15:17,2058.90,1,B
10:15:17,2058.90,1,B
10:15:17,2058.90,1,B
10:15:16,2058.90,6,B
10:15:16,2058.90,4,B
10:15:16,2058.90,9,B
10:15:14,2059.20,1,M
10:15:13,2058.90,1,M
10:15:12,2058.90,1,M
10:15:12,2058.90,1,M
10:15:11,2058.70,2,B
10:15:11,2058.70,6,B
10:15:11,2058.70,2,B
10:15:10,2058.70,2,B
10:15:10,2058.80,1,B
10:15:10,2058.80,2,B
10:15:10,2058.80,1,B
10:15:10,2058.80,3,B
10:15:10,2058.80,1,B
10:15:10,2059.00,2,M
10:15:10,2058.80,1,B
10:15:10,2058.90,1,B
10:15:10,2058.90,6,B
10:15:09,2059.50,6,M
10:15:09,2059.30,1,M
10:15:09,2059.30,1,M
10:15:07,2058.70,1,B
10:15:07,2059.00,1,B
10:15:07,2059.00,4,B
10:15:07,2059.00,4,B
10:15:07,2059.00,1,B
10:15:06,2059.00,2,B
10:15:06,2059.20,1,M
10:15:06,2059.00,5,M
10:15:06,2059.00,1,M
10:15:06,2059.00,15,M
10:15:06,2059.00,4,M
10:15:06,2058.70,1,B
10:15:06,2059.00,12,M
10:15:06,2059.00,4,M
10:15:06,2058.90,1,M
10:15:06,2058.90,1,M
10:15:06,2058.90,2,M
10:15:06,2058.90,1,M
10:15:06,2058.90,1,M
10:15:06,2058.90,2,M
10:15:06,2058.90,1,M
10:15:06,2058.90,2,M
10:15:06,2058.80,1,M
10:15:05,2058.70,3,B
10:15:05,2058.70,2,B
10:15:05,2058.70,4,B
10:15:05,2058.80,1,B
10:15:03,2059.00,2,M
10:15:03,2058.80,6,B
10:15:02,2058.70,2,B
10:15:02,2058.70,4,B
10:15:01,2058.70,2,B
10:15:00,2058.70,4,B
10:15:00,2058.70,1,B
10:14:59,2058.70,6,B
10:14:59,2059.00,1,M
10:14:59,2058.70,1,B
10:14:58,2058.70,5,B
10:14:58,2058.70,1,B
10:14:58,2058.70,1,B
10:14:58,2058.70,5,B
10:14:58,2058.70,2,B
10:14:58,2059.00,1,M
10:14:57,2058.70,1,B
10:14:52,2059.10,1,M
10:14:52,2059.10,20,M
10:14:52,2059.00,1,M
10:14:52,2059.00,1,M
10:14:52,2058.80,2,M
10:14:52,2058.70,2,B
10:14:52,2058.70,2,B
10:14:51,2058.80,1,B
10:14:48,2059.00,1,M
10:14:47,2058.70,5,B
10:14:47,2058.90,1,B
10:14:47,2058.90,1,B
10:14:47,2059.00,1,M
10:14:46,2058.70,2,M
10:14:46,2058.70,11,M
10:14:46,2058.60,4,B
10:14:45,2058.70,1,M
10:14:45,2058.70,2,M
10:14:45,2058.70,2,M
10:14:45,2058.70,2,M
10:14:45,2058.70,2,M
10:14:44,2058.60,1,B
10:14:44,2058.70,1,B
10:14:44,2058.80,1,B
10:14:44,2058.80,2,B
10:14:44,2059.20,1,M
10:14:44,2059.10,1,M
10:14:43,2058.70,1,B
10:14:43,2059.40,1,M
10:14:43,2059.30,8,M
10:14:43,2059.20,1,M
10:14:43,2058.90,2,M
10:14:43,2058.90,7,M
10:14:43,2058.80,6,M
10:14:42,2058.60,1,B
10:14:41,2058.60,1,B
10:14:41,2058.60,3,B
10:14:41,2058.60,2,B
10:14:41,2058.80,4,B
10:14:40,2058.80,1,B
10:14:39,2058.60,1,B
10:14:39,2058.60,7,B
10:14:39,2058.70,3,B
10:14:38,2058.90,1,M
10:14:37,2058.60,2,B
10:14:37,2058.60,3,B
10:14:36,2058.60,1,B
10:14:36,2058.60,1,B
10:14:36,2058.60,1,B
10:14:36,2058.60,2,B
10:14:36,2058.70,1,B
10:14:36,2058.70,5,B
10:14:36,2058.90,1,M
10:14:35,2058.90,1,M
10:14:35,2058.70,1,B
10:14:35,2058.70,2,B
10:14:34,2058.60,1,B
10:14:34,2058.60,1,B
10:14:34,2058.60,1,B
10:14:34,2058.70,10,B
10:14:34,2058.70,1,B
10:14:34,2058.70,1,B
10:14:34,2058.80,1,B
10:14:34,2058.90,4,B
10:14:33,2058.90,3,B
10:14:33,2058.90,4,B
10:14:33,2059.00,1,B
10:14:33,2059.00,50,B
10:14:33,2059.00,2,B
10:14:33,2059.00,5,B
10:14:33,2059.10,20,B
10:14:33,2059.10,1,B
10:14:33,2059.20,4,B
10:14:33,2059.30,6,B
10:14:32,2059.10,1,B
10:14:30,2059.50,1,M
10:14:30,2059.00,1,B
10:14:29,2059.50,11,M
10:14:29,2059.50,1,M
10:14:29,2059.50,1,M
10:14:29,2059.50,1,M
10:14:29,2059.40,7,M
10:14:29,2059.00,4,M
10:14:29,2059.00,1,M
10:14:29,2059.00,1,M
10:14:28,2058.90,1,M
10:14:28,2058.80,4,B
10:14:27,2058.80,2,B
10:14:27,2058.70,1,B
10:14:26,2058.70,1,B
10:14:25,2058.70,1,B
10:14:25,2058.60,1,B
10:14:25,2058.60,1,B
10:14:25,2058.70,1,B
10:14:24,2058.70,2,B
10:14:24,2058.70,2,B
10:14:24,2058.70,1,B
10:14:24,2058.80,3,B
10:14:24,2058.80,1,B
10:14:24,2058.80,2,B
10:14:24,2058.80,1,B
10:14:24,2058.80,1,B
10:14:24,2058.80,3,B
10:14:24,2058.90,2,B
10:14:24,2058.90,1,B
10:14:24,2058.90,1,B
10:14:24,2059.00,10,B
10:14:24,2059.00,9,B
10:14:24,2059.00,1,B
10:14:24,2059.00,1,B
10:14:24,2059.00,9,B
10:14:24,2059.00,1,B
10:14:24,2059.00,3,B
10:14:24,2059.00,1,B
10:14:24,2059.00,4,B
10:14:24,2059.00,8,B
10:14:24,2059.00,1,B
10:14:24,2059.00,1,B
10:14:24,2059.00,1,B
10:14:24,2059.00,1,B
10:14:24,2059.00,1,B
10:14:23,2059.00,1,B
10:14:23,2059.00,5,B
10:14:23,2059.00,1,B
10:14:23,2059.00,1,B
10:14:23,2059.00,2,B
10:14:23,2059.00,8,B
10:14:21,2059.00,8,B
10:14:21,2059.00,1,B
10:14:21,2059.00,19,B
10:14:21,2059.00,2,B
10:14:21,2059.00,1,B
10:14:21,2059.00,1,B
10:14:21,2059.00,10,B
10:14:21,2059.00,1,B
10:14:21,2059.00,1,B
10:14:21,2059.00,1,B
10:14:21,2059.00,1,B
10:14:21,2059.00,3,B
10:14:21,2059.00,1,B
10:14:21,2059.10,2,B
10:14:21,2059.30,1,M
10:14:21,2059.30,1,M
10:14:20,2059.10,18,B
10:14:20,2059.20,2,B
10:14:20,2059.30,1,M
10:14:19,2059.20,3,B
10:14:19,2059.20,3,B
10:14:19,2059.20,1,M
10:14:16,2059.00,1,B
10:14:16,2059.00,1,B
10:14:15,2059.00,1,B
10:14:15,2059.00,2,B
10:14:15,2059.00,1,B
10:14:15,2059.00,1,B
10:14:15,2059.00,2,B
10:14:15,2059.00,1,B
10:14:15,2059.00,2,B
10:14:15,2059.00,1,B
10:14:14,2059.10,1,B
10:14:12,2059.00,2,B
10:14:12,2059.10,1,B
10:14:12,2059.10,1,B
10:14:12,2059.30,1,B
10:14:12,2059.30,1,B
10:14:11,2059.60,10,M
10:14:11,2059.30,1,M
10:14:11,2059.30,11,M
10:14:11,2059.20,2,M
10:14:11,2059.20,1,M
10:14:11,2059.00,1,B
10:14:11,2059.10,3,B
10:14:11,2059.10,1,B
10:14:11,2059.10,2,B
10:14:11,2059.10,3,B
10:14:11,2059.10,1,B
10:14:11,2059.10,1,B
10:14:11,2059.10,5,B
10:14:10,2059.10,1,B
10:14:10,2059.10,2,B
10:14:10,2059.10,1,B
10:14:09,2059.10,1,B
10:14:07,2059.20,1,B
10:14:06,2059.30,1,M
10:14:05,2059.30,3,M
10:14:05,2059.20,1,B
10:14:05,2059.20,2,B
10:14:05,2059.20,1,B
10:14:05,2059.30,1,B
10:14:05,2059.30,3,B
10:14:05,2059.30,4,B
10:14:04,2059.40,2,M
10:14:03,2059.60,1,B
10:14:03,2059.60,1,B
10:14:02,2059.60,1,B
10:14:01,2059.60,1,M
10:14:01,2059.60,1,M
10:13:58,2059.60,1,B
10:13:56,2059.60,2,B
10:13:55,2059.60,4,B
10:13:55,2059.60,3,B
10:13:54,2059.90,2,M
10:13:54,2060.00,16,M
10:13:54,2059.70,1,M
10:13:54,2059.60,1,M
10:13:54,2059.60,1,M
10:13:54,2059.60,5,M
10:13:54,2059.40,1,M
10:13:53,2059.20,11,B
10:13:53,2059.20,1,B
10:13:53,2059.20,2,B
10:13:53,2059.30,4,B
10:13:53,2059.30,22,B
10:13:53,2059.30,1,B
10:13:53,2059.30,1,B
10:13:53,2059.30,1,B
10:13:53,2059.40,4,B
10:13:53,2059.40,3,B
10:13:53,2059.40,1,B
10:13:53,2059.40,1,B
10:13:51,2059.50,5,B
10:13:51,2059.50,2,B
10:13:51,2059.50,1,B
10:13:51,2059.50,2,B
10:13:51,2059.50,1,B
10:13:51,2059.60,5,B
10:13:50,2059.60,10,B
10:13:49,2059.50,1,B
10:13:49,2059.50,1,B
10:13:48,2059.60,4,B
10:13:48,2059.60,1,B
10:13:48,2059.60,5,B
10:13:48,2059.60,2,B
10:13:46,2059.70,1,B
10:13:46,2059.70,2,B
10:13:46,2059.80,2,M
10:13:45,2059.80,22,B
10:13:45,2060.00,3,B
10:13:45,2060.00,4,B
10:13:45,2060.00,3,B
10:13:45,2060.00,4,B
10:13:44,2060.00,12,B
10:13:44,2060.10,18,B
10:13:42,2060.10,2,M
10:13:42,2060.00,1,M
10:13:42,2060.00,1,M
10:13:42,2060.00,1,M
10:13:39,2060.00,20,M
10:13:39,2059.90,5,M
10:13:39,2059.80,1,B
10:13:35,2059.80,3,B
10:13:35,2059.80,1,M
10:13:35,2059.80,3,M
10:13:33,2059.60,1,B
10:13:32,2059.70,1,B
10:13:32,2059.70,1,B
10:13:32,2059.70,1,B
10:13:32,2059.70,1,B
10:13:32,2059.70,1,B
10:13:31,2059.70,1,B
10:13:31,2059.70,1,B
10:13:29,2059.70,1,B
10:13:29,2059.70,1,B
10:13:29,2059.70,1,B
10:13:29,2059.80,1,B
10:13:29,2059.80,1,B
10:13:28,2059.80,1,B
10:13:27,2059.90,1,B
10:13:27,2059.90,3,B
10:13:26,2060.00,15,B
10:13:26,2060.00,10,B
10:13:26,2060.00,1,B
10:13:26,2060.00,1,B
10:13:22,2060.40,1,M
10:13:22,2060.40,1,M
10:13:21,2060.30,3,B
10:13:20,2060.30,7,B
10:13:20,2060.30,2,B
10:13:20,2060.30,2,B
10:13:20,2060.30,2,B
10:13:20,2060.30,2,B
10:13:20,2060.30,15,B
10:13:17,2060.50,10,M
10:13:17,2060.40,1,M
10:13:17,2060.40,4,M
10:13:17,2060.40,10,M
10:13:16,2060.30,1,B
10:13:16,2060.40,2,M
10:13:15,2060.30,1,B
10:13:13,2060.30,3,B
10:13:13,2060.30,1,B
10:13:13,2060.30,4,B
10:13:13,2060.30,22,B
10:13:12,2060.40,3,M
10:13:11,2060.40,3,M
10:13:11,2060.40,3,M
10:13:10,2060.30,1,B
10:13:09,2060.40,2,M
10:13:09,2060.40,3,M
10:13:07,2060.30,1,B
10:13:07,2060.30,1,B
10:13:05,2060.40,2,M
10:13:05,2060.40,5,M
10:13:04,2060.30,1,B
10:13:04,2060.30,1,B
10:13:01,2060.40,2,M
10:13:00,2060.40,3,M
10:12:59,2060.30,1,M
10:12:57,2060.00,2,B
10:12:57,2060.50,2,M
10:12:57,2060.40,3,M
10:12:57,2060.40,4,M
10:12:57,2060.40,12,M
10:12:57,2060.30,4,M
10:12:57,2060.40,2,M
10:12:57,2060.30,1,M
10:12:56,2060.40,6,M
10:12:52,2060.40,1,M
10:12:52,2060.10,1,B
10:12:52,2060.10,1,B
10:12:47,2060.40,1,M
10:12:46,2060.40,1,M
10:12:46,2060.30,2,B
10:12:45,2060.30,3,B
10:12:44,2060.10,1,B
10:12:43,2060.30,1,M
10:12:41,2060.30,3,M
10:12:40,2060.30,3,M
10:12:39,2060.30,1,M
10:12:35,2060.30,1,M
10:12:32,2060.40,17,B
10:12:32,2060.50,1,M
10:12:32,2060.50,1,M
10:12:31,2060.40,3,B
10:12:31,2060.50,1,M
10:12:31,2060.40,2,B
10:12:29,2060.50,20,M
10:12:29,2060.50,1,M
10:12:29,2060.40,1,B
10:12:29,2060.40,1,B
10:12:29,2060.40,1,B
10:12:29,2060.50,1,M
10:12:29,2060.50,2,B
10:12:29,2060.60,2,M
10:12:28,2060.50,2,B
10:12:28,2060.50,1,M
10:12:28,2060.40,5,B
10:12:26,2060.50,1,M
10:12:25,2060.40,5,M
10:12:25,2060.40,5,M
10:12:25,2060.40,8,M
10:12:25,2060.40,2,M
10:12:24,2060.40,2,M
10:12:23,2060.40,1,M
10:12:21,2060.40,1,M
10:12:21,2060.00,1,B
10:12:21,2060.40,1,M
10:12:20,2060.40,1,M
10:12:19,2059.90,3,B
10:12:19,2060.50,3,M
10:12:19,2060.50,1,M
10:12:19,2060.50,2,M
10:12:19,2060.50,1,M
10:12:19,2060.30,1,M
10:12:19,2060.30,10,M
10:12:19,2060.20,1,M
10:12:19,2060.20,1,M
10:12:18,2059.90,1,B
10:12:18,2060.00,1,B
10:12:18,2060.00,1,B
10:12:18,2060.10,1,B
10:12:18,2060.10,9,B
10:12:17,2060.30,1,M
10:12:17,2060.30,4,M
10:12:16,2060.30,1,M
10:12:15,2060.10,5,B
10:12:14,2060.30,1,M
10:12:12,2060.20,5,B
10:12:11,2060.00,5,B
10:12:11,2060.30,2,M
10:12:11,2060.20,1,M
10:12:11,2060.00,1,M
10:12:11,2060.00,5,M
10:12:11,2060.00,1,M
10:12:11,2060.00,1,M
10:12:11,2060.00,2,M
10:12:11,2060.00,5,M
10:12:11,2060.00,2,M
10:12:10,2060.00,1,M
10:12:10,2060.00,2,M
10:12:10,2060.00,2,M
10:12:10,2060.00,22,M
10:12:10,2060.00,25,M
10:12:10,2060.00,1,M
10:12:09,2060.00,2,M
10:12:09,2060.00,1,M
10:12:08,2060.00,16,M
10:12:06,2060.00,1,M
10:12:06,2060.00,19,M
10:12:03,2059.90,9,M
10:12:03,2059.70,2,B
10:12:00,2059.90,1,M
10:12:00,2059.70,1,B
10:12:00,2059.70,1,B
10:12:00,2059.70,1,B
10:12:00,2059.70,1,B
10:12:00,2059.70,1,B
10:11:57,2059.70,2,B
10:11:57,2060.00,4,M
10:11:57,2059.90,1,M
10:11:57,2059.90,4,M
10:11:57,2059.90,3,M
10:11:57,2059.90,7,M
10:11:57,2059.90,10,M
10:11:57,2059.90,3,M
10:11:54,2059.70,1,B
10:11:53,2059.90,1,M
10:11:52,2059.70,1,B
10:11:46,2059.50,1,B
10:11:45,2059.60,1,B
10:11:41,2059.70,1,B
10:11:38,2059.70,8,B
10:11:37,2059.70,1,B
10:11:36,2059.70,1,B
10:11:36,2059.70,5,B
10:11:36,2059.70,2,B
10:11:35,2059.50,1,B
10:11:35,2059.50,1,B
10:11:34,2059.50,2,B
10:11:31,2059.50,1,B
10:11:30,2059.80,2,B
10:11:29,2059.80,2,M
10:11:23,2059.50,1,B
10:11:22,2059.50,1,B
10:11:22,2059.50,1,B
10:11:22,2059.50,1,B
10:11:22,2059.50,1,B
10:11:22,2059.70,1,B
10:11:20,2059.80,10,M
10:11:20,2059.80,1,B
10:11:20,2059.80,1,B
10:11:20,2059.90,1,M
10:11:20,2059.90,1,B
10:11:20,2059.90,3,B
10:11:20,2059.90,8,B
10:11:19,2060.00,2,B
10:11:19,2060.00,5,B
10:11:16,2060.30,1,M
10:11:15,2060.00,1,B
10:11:15,2060.00,1,B
10:11:15,2060.00,1,B
10:11:15,2060.00,1,B
10:11:15,2060.00,1,B
10:11:15,2060.00,1,B
10:11:15,2060.00,1,B
10:11:15,2060.00,1,B
10:11:15,2060.00,1,B
10:11:15,2060.00,2,B
10:11:15,2060.00,2,B
10:11:15,2060.00,50,B
10:11:15,2060.10,1,B
10:11:15,2060.10,1,B
10:11:15,2060.10,1,B
10:11:15,2060.10,3,B
10:11:15,2060.10,2,B
10:11:15,2060.10,2,B
10:11:15,2060.10,2,B
10:11:15,2060.20,12,B
10:11:15,2060.20,2,B
10:11:15,2060.20,1,B
10:11:15,2060.20,10,B
10:11:15,2060.20,30,B
10:11:14,2060.40,1,M
10:11:13,2060.20,1,B
10:11:13,2060.30,4,B
10:11:12,2060.30,1,B
10:11:11,2060.30,1,M
10:11:11,2060.30,1,M
10:11:10,2060.20,1,B
10:11:05,2060.30,2,B
10:11:04,2060.40,1,M
10:11:03,2060.30,1,M
10:11:02,2060.20,8,B
10:11:02,2060.20,6,B
10:11:02,2060.20,3,B
10:11:02,2060.30,3,B
10:11:00,2060.30,1,B
10:11:00,2060.30,3,M
10:11:00,2060.30,4,M
10:11:00,2060.30,1,B
10:11:00,2060.30,10,B
10:11:00,2060.30,1,B
10:10:59,2060.40,2,M
10:10:59,2060.40,1,M
10:10:58,2060.40,9,B
10:10:58,2060.40,1,M
10:10:57,2060.40,1,M
10:10:57,2060.40,1,B
10:10:57,2060.40,1,B
10:10:57,2060.40,14,B
10:10:57,2060.40,1,B
10:10:56,2060.40,6,B
10:10:56,2060.40,8,B
10:10:56,2060.50,2,B
10:10:56,2060.50,1,B
10:10:55,2060.70,3,M
10:10:55,2060.70,3,M
10:10:55,2060.60,1,M
10:10:55,2060.60,3,M
10:10:54,2060.40,1,B
10:10:50,2060.40,1,B
10:10:48,2060.60,1,M
10:10:48,2060.60,1,M
10:10:47,2060.60,2,M
10:10:47,2060.60,2,M
10:10:47,2060.60,1,M
10:10:46,2060.60,5,M
10:10:45,2060.60,1,M
10:10:43,2060.60,1,M
10:10:41,2060.60,10,M
10:10:41,2060.60,1,M
10:10:41,2060.60,5,B
10:10:40,2060.60,8,M
10:10:39,2060.60,1,M
10:10:38,2060.70,7,M
10:10:38,2060.60,3,M
10:10:37,2060.30,3,B
10:10:37,2060.60,2,M
10:10:36,2060.60,2,M
10:10:35,2060.60,1,M
10:10:34,2060.60,1,M
10:10:34,2060.70,1,M
10:10:34,2060.70,2,M
10:10:34,2060.70,1,M
10:10:34,2060.70,1,M
10:10:34,2060.70,3,M
10:10:34,2060.70,2,M
10:10:33,2060.70,2,M
10:10:33,2060.70,1,M
10:10:32,2060.70,3,M
10:10:32,2060.40,9,M
10:10:31,2060.70,1,M
10:10:31,2060.70,9,M
10:10:31,2060.70,1,M
10:10:31,2060.70,5,M
10:10:31,2060.70,2,M
10:10:31,2060.60,1,M
10:10:31,2060.50,5,M
10:10:31,2060.50,12,M
10:10:31,2060.40,2,M
10:10:31,2060.30,13,M
10:10:30,2060.20,1,B
10:10:30,2060.20,22,M
10:10:27,2060.20,1,M
10:10:24,2060.10,1,M
10:10:21,2060.00,2,B
10:10:21,2060.10,1,M
10:10:17,2060.00,2,M
10:10:15,2060.00,1,M
10:10:15,2060.00,9,M
10:10:14,2059.90,3,B
10:10:14,2060.00,1,M
10:10:12,2059.90,5,B
10:10:12,2059.90,1,B
10:10:11,2059.90,1,B
10:10:10,2059.90,2,B
10:10:10,2059.90,2,B
10:10:10,2059.90,1,B
10:10:10,2060.00,4,M
10:10:08,2060.00,1,M
10:10:05,2060.00,5,B
10:10:04,2060.10,1,M
10:10:04,2059.90,8,B
10:10:04,2059.90,1,B
10:10:04,2060.10,1,M
10:10:03,2060.00,1,M
10:10:02,2060.00,1,M
10:10:00,2060.00,1,M
10:09:56,2060.00,2,B
10:09:56,2060.00,2,B
10:09:56,2060.10,6,B
10:09:55,2060.10,1,B
10:09:55,2060.10,1,B
10:09:55,2060.10,1,B
10:09:55,2060.10,4,B
10:09:55,2060.20,2,M
10:09:54,2060.20,5,M
10:09:54,2060.20,1,M
10:09:53,2060.20,1,M
10:09:52,2060.20,1,M
10:09:51,2060.10,1,B
10:09:51,2060.20,1,M
10:09:51,2060.20,5,B
10:09:51,2060.20,1,B
10:09:51,2060.40,1,M
10:09:50,2060.50,2,M
10:09:50,2060.50,1,M
10:09:50,2060.50,1,M
10:09:50,2060.20,1,B
10:09:49,2060.30,1,B
10:09:49,2060.50,2,M
10:09:49,2060.50,2,M
10:09:49,2060.60,2,M
10:09:49,2060.60,1,M
10:09:49,2060.60,1,M
10:09:49,2060.60,1,M
10:09:49,2060.60,1,M
10:09:49,2060.50,1,M
10:09:49,2060.50,1,M
10:09:49,2060.50,1,M
10:09:49,2060.50,1,M
10:09:49,2060.50,1,M
10:09:49,2060.40,1,M
10:09:49,2060.40,3,M
10:09:48,2060.30,1,B
10:09:47,2060.30,1,B
10:09:47,2060.30,1,B
10:09:46,2060.30,2,B
10:09:43,2060.30,3,M
10:09:43,2060.30,14,M
10:09:42,2060.30,2,M
10:09:42,2060.30,2,M
10:09:40,2060.30,1,M
10:09:40,2060.30,1,M
10:09:40,2060.00,1,B
10:09:40,2060.20,1,B
10:09:37,2060.20,1,M
10:09:37,2060.00,1,B
10:09:36,2060.20,2,M
10:09:36,2060.20,1,M
10:09:35,2060.10,1,M
10:09:35,2060.10,1,M
10:09:34,2059.80,1,B
10:09:34,2060.10,2,M
10:09:33,2060.10,6,M
10:09:33,2060.10,6,M
10:09:33,2060.00,1,M
10:09:32,2059.80,8,B
10:09:32,2059.90,1,B
10:09:32,2060.00,1,B
10:09:32,2060.00,1,B
10:09:32,2060.00,1,B
10:09:32,2060.10,1,M
10:09:31,2060.10,49,M
10:09:31,2060.00,1,M
10:09:31,2060.00,4,M
10:09:31,2060.00,9,M
10:09:28,2060.00,1,M
10:09:28,2060.00,1,M
10:09:28,2059.90,1,M
10:09:27,2060.00,1,M
10:09:26,2060.00,8,M
10:09:26,2060.00,1,M
10:09:26,2060.00,4,M
10:09:26,2060.00,2,M
10:09:26,2060.00,1,M
10:09:26,2060.00,1,M
10:09:26,2060.00,1,M
10:09:26,2060.00,1,M
10:09:26,2060.00,1,M
10:09:26,2060.00,4,M
10:09:26,2060.00,1,M
10:09:26,2060.00,2,M
10:09:25,2060.00,1,M
10:09:25,2059.70,3,B
10:09:23,2060.00,1,M
10:09:23,2060.00,6,M
10:09:23,2059.90,1,M
10:09:23,2059.90,1,M
10:09:23,2059.90,1,M
10:09:23,2059.80,1,M
10:09:23,2059.80,15,M
10:09:23,2059.80,4,M
10:09:21,2059.70,1,B
10:09:21,2059.70,2,B
10:09:20,2059.70,10,B
10:09:19,2059.70,1,B
10:09:19,2059.40,1,B
10:09:17,2059.80,3,M
10:09:17,2059.70,2,M
10:09:13,2059.80,1,M
10:09:12,2059.80,10,M
10:09:12,2059.80,2,M
10:09:12,2059.80,2,M
10:09:10,2059.70,1,M
10:09:08,2059.30,1,B
10:09:08,2059.40,1,B
10:09:08,2059.80,1,M
10:09:08,2059.80,1,M
10:09:08,2059.80,1,M
10:09:08,2059.80,1,M
10:09:07,2059.70,1,M
10:09:06,2059.20,1,B
10:09:06,2059.30,1,B
10:09:06,2059.30,1,B
10:09:06,2059.30,1,B
10:09:06,2059.50,2,B
10:09:05,2059.30,1,B
10:09:05,2059.30,1,B
10:09:05,2059.30,1,B
10:09:05,2059.40,1,B
10:09:02,2060.00,2,M
10:09:02,2059.90,1,M
10:09:02,2059.90,2,M
10:09:02,2059.90,1,M
10:09:02,2059.80,1,M
10:09:02,2059.80,4,M
10:09:02,2059.70,1,M
10:09:02,2059.70,1,M
10:09:02,2059.60,1,M
10:09:02,2059.60,2,M
10:09:02,2059.60,1,M
10:09:02,2059.60,1,M
10:09:02,2059.60,4,M
10:09:02,2059.60,1,M
10:09:02,2059.60,1,M
10:09:02,2059.60,2,M
10:09:02,2059.60,3,M
10:09:02,2059.60,3,M
10:09:02,2059.60,1,M
10:09:02,2059.60,1,M
10:09:02,2059.50,1,M
10:09:02,2059.50,5,M
10:09:01,2059.20,7,B
10:09:01,2059.20,11,B
10:09:01,2059.20,21,B
10:09:01,2059.20,8,B
10:09:01,2059.40,1,B
10:09:01,2059.40,1,B
10:09:01,2059.40,1,B
10:09:00,2059.40,1,B
10:09:00,2059.50,1,M
10:09:00,2059.50,5,M
10:08:59,2059.50,2,M
10:08:57,2059.80,4,M
10:08:57,2059.40,1,M
10:08:56,2059.10,1,B
10:08:56,2059.10,13,B
10:08:56,2059.10,1,B
10:08:56,2059.10,1,B
10:08:56,2059.10,2,B
10:08:56,2059.20,5,B
10:08:56,2059.20,1,B
10:08:56,2059.30,3,B
10:08:56,2059.40,1,B
10:08:56,2059.40,1,B
10:08:56,2059.40,1,B
10:08:56,2059.40,2,B
10:08:55,2059.90,6,M
10:08:55,2059.80,4,M
10:08:51,2059.90,2,M
10:08:50,2059.90,6,M
10:08:50,2059.80,2,M
10:08:50,2059.80,1,M
10:08:50,2059.80,1,M
10:08:49,2059.50,1,M
10:08:49,2059.50,2,M
10:08:49,2059.50,2,M
10:08:49,2059.40,1,M
10:08:47,2059.50,5,M
10:08:47,2059.50,1,M
10:08:46,2059.30,2,B
10:08:44,2059.50,1,M
10:08:43,2059.50,10,M
10:08:43,2059.50,1,M
10:08:43,2059.50,1,M
10:08:43,2059.50,1,M
10:08:42,2059.10,1,B
10:08:42,2059.10,3,B
10:08:42,2059.10,1,B
10:08:42,2059.10,1,B
10:08:42,2059.10,1,B
10:08:42,2059.10,1,B
10:08:42,2059.20,1,B
10:08:42,2059.20,1,B
10:08:42,2059.20,4,B
10:08:42,2059.30,1,B
10:08:42,2059.40,1,B
10:08:42,2059.40,3,B
10:08:42,2059.40,1,B
10:08:42,2059.50,2,B
10:08:42,2059.50,1,B
10:08:42,2059.50,1,B
10:08:42,2059.50,5,B
10:08:42,2059.50,2,B
10:08:42,2059.60,4,B
10:08:42,2059.70,2,B
10:08:42,2059.70,1,B
10:08:40,2060.00,1,M
10:08:40,2060.00,2,M
10:08:40,2060.00,4,M
10:08:40,2059.90,1,M
10:08:40,2059.90,1,M
10:08:40,2059.90,1,M
10:08:39,2059.90,1,M
10:08:39,2059.90,1,M
10:08:39,2059.90,3,M
10:08:38,2059.90,1,M
10:08:37,2059.70,19,B
10:08:37,2059.80,1,B
10:08:36,2059.90,1,M
10:08:36,2059.90,8,M
10:08:35,2059.90,1,M
10:08:35,2059.90,3,M
10:08:35,2059.90,4,M
10:08:35,2059.90,6,M
10:08:35,2059.90,4,M
10:08:35,2059.90,3,M
10:08:34,2059.90,10,M
10:08:34,2059.90,10,M
10:08:34,2059.90,5,M
10:08:34,2059.90,15,M
10:08:33,2059.70,1,M
10:08:33,2059.50,1,B
10:08:31,2059.50,1,B
10:08:29,2059.50,1,B
10:08:26,2059.90,9,M
10:08:26,2059.90,1,M
10:08:26,2059.90,2,M
10:08:26,2059.90,1,M
10:08:26,2059.80,15,M
10:08:26,2059.80,15,M
10:08:26,2059.80,5,M
10:08:26,2059.80,1,M
10:08:26,2059.80,1,M
10:08:26,2059.80,1,M
10:08:25,2059.80,2,M
10:08:25,2059.50,1,B
10:08:25,2059.70,1,M
10:08:24,2059.40,1,B
10:08:23,2059.40,1,B
10:08:23,2059.40,1,B
10:08:22,2059.70,1,M
10:08:22,2059.50,1,M
10:08:21,2059.40,2,M
10:08:21,2059.40,1,M
10:08:21,2059.40,11,M
10:08:20,2059.40,2,M
10:08:20,2059.40,1,M
10:08:17,2059.40,1,M
10:08:14,2059.40,5,M
10:08:14,2059.20,1,B
10:08:14,2059.30,1,B
10:08:14,2059.30,1,B
10:08:14,2059.30,1,B
10:08:14,2059.30,1,B
10:08:14,2059.30,1,B
10:08:14,2059.30,1,B
10:08:13,2059.30,1,B
10:08:12,2059.30,1,B
10:08:12,2059.40,2,M
10:08:11,2059.30,3,B
10:08:10,2059.40,19,M
10:08:08,2059.60,9,B
10:08:08,2059.60,1,B
10:08:08,2059.30,2,B
10:08:08,2059.50,1,B
10:08:06,2059.30,1,B
10:08:06,2059.30,1,B
10:08:06,2059.30,1,B
10:08:06,2059.40,1,B
10:08:05,2059.40,4,B
10:08:05,2059.40,1,B
10:08:05,2059.40,1,B
10:08:05,2059.50,1,B
10:08:05,2059.50,1,B
10:08:03,2059.70,1,B
10:08:03,2059.80,1,M
10:08:02,2059.70,2,B
10:08:02,2059.80,1,M
10:08:01,2059.80,1,M
10:08:01,2059.80,1,M
10:08:01,2059.80,1,M
10:08:00,2059.80,1,M
10:08:00,2059.80,1,B
10:08:00,2059.80,1,B
10:08:00,2059.80,6,B
10:08:00,2059.90,11,B
10:08:00,2059.90,12,B
10:08:00,2059.90,7,B
10:08:00,2060.00,1,B
10:07:59,2060.00,1,M
10:07:59,2060.00,1,M
10:07:59,2060.00,1,M
10:07:59,2060.00,1,M
10:07:59,2060.00,1,M
10:07:59,2060.00,1,M
10:07:58,2059.90,1,B
10:07:58,2060.00,1,M
10:07:57,2060.00,1,M
10:07:57,2059.90,1,M
10:07:57,2059.90,1,M
10:07:55,2059.80,3,B
10:07:55,2059.90,1,M
10:07:55,2059.90,1,M
10:07:55,2059.90,1,M
10:07:50,2059.80,1,M
10:07:48,2059.80,5,M
10:07:45,2059.70,1,M
10:07:45,2059.60,1,B
10:07:42,2059.60,1,B
10:07:42,2059.60,1,B
10:07:41,2059.60,1,B
10:07:39,2059.60,1,B
10:07:38,2059.80,2,M
10:07:35,2059.60,1,B
10:07:33,2059.50,1,B
10:07:31,2059.80,16,M
10:07:29,2059.80,2,M
10:07:28,2059.50,5,M
10:07:28,2059.50,5,M
10:07:25,2059.50,1,M
10:07:24,2059.50,1,M
10:07:24,2059.50,1,M
10:07:23,2059.40,1,B
10:07:23,2059.50,1,M
10:07:23,2059.40,2,B
10:07:22,2059.40,1,B
10:07:21,2059.40,6,M
10:07:21,2059.30,1,B
10:07:20,2059.40,1,B
10:07:20,2059.50,1,M
10:07:20,2059.50,3,B
10:07:20,2059.50,1,B
10:07:20,2059.50,11,B
10:07:20,2059.50,1,B
10:07:18,2059.60,5,M
10:07:18,2059.60,1,B
10:07:17,2059.80,2,M
10:07:17,2059.80,3,B
10:07:16,2059.90,1,M
10:07:16,2059.90,1,B
10:07:16,2059.90,1,B
10:07:16,2059.90,1,B
10:07:16,2059.90,1,B
10:07:16,2060.00,5,B
10:07:16,2060.00,1,B
10:07:16,2060.00,11,B
10:07:16,2060.00,3,B
10:07:16,2060.10,2,M
10:07:13,2060.00,3,B
10:07:13,2060.10,1,B
10:07:12,2060.40,1,B
10:07:12,2060.40,6,B
10:07:12,2060.50,1,M
10:07:12,2060.40,1,M
10:07:12,2060.40,3,M
10:07:12,2060.40,2,M
10:07:10,2060.40,2,M
10:07:09,2060.40,15,M
10:07:07,2060.50,1,M
10:07:07,2060.50,1,M
10:07:07,2060.50,1,M
10:07:07,2060.50,1,M
10:07:07,2060.50,1,M
10:07:07,2060.50,1,M
10:07:07,2060.40,1,M
10:07:07,2060.40,9,M
10:07:07,2060.40,1,M
10:07:07,2060.40,1,M
10:07:07,2060.40,1,M
10:07:07,2060.40,10,M
10:07:07,2060.40,1,M
10:07:07,2060.40,1,M
10:07:07,2060.30,2,M
10:07:07,2060.30,5,M
10:07:07,2060.20,1,M
10:07:07,2060.20,1,M
10:07:07,2060.20,1,M
10:07:07,2060.20,1,M
10:07:06,2060.20,1,M
10:07:06,2060.20,1,M
10:07:06,2060.20,1,M
10:07:06,2060.20,1,M
10:07:06,2060.20,1,M
10:07:06,2060.00,2,B
10:07:05,2060.20,1,M
10:07:05,2060.20,1,M
10:07:04,2060.20,1,M
10:07:03,2060.20,2,M
10:07:03,2060.20,1,M
10:07:03,2060.20,1,M
10:07:03,2060.20,1,M
10:07:03,2060.20,1,M
10:07:03,2060.20,1,M
10:07:02,2060.20,1,M
10:07:01,2060.10,1,B
10:07:01,2060.20,1,M
10:07:01,2060.20,3,M
10:07:00,2060.00,1,B
10:06:58,2060.00,1,B
10:06:58,2060.00,1,M
10:06:58,2060.00,4,M
10:06:58,2060.00,3,M
10:06:58,2060.00,2,M
10:06:58,2060.00,1,M
10:06:58,2060.00,2,M
10:06:58,2060.00,1,M
10:06:58,2060.00,1,M
10:06:58,2060.00,1,M
10:06:58,2060.00,1,M
10:06:58,2060.00,1,M
10:06:58,2060.00,1,M
10:06:58,2060.00,1,M
10:06:58,2060.00,1,M
10:06:58,2060.00,2,M
10:06:57,2060.00,1,M
10:06:54,2059.90,2,M
10:06:54,2059.90,4,M
10:06:54,2059.90,1,M
10:06:53,2059.90,1,M
10:06:53,2059.90,1,M
10:06:53,2059.90,1,M
10:06:52,2059.90,5,M
10:06:51,2059.90,1,M
10:06:51,2059.90,15,M
10:06:51,2059.90,1,B
10:06:50,2059.90,2,B
10:06:49,2060.00,1,M
10:06:49,2060.00,1,M
10:06:47,2059.90,1,M
10:06:47,2059.90,1,M
10:06:47,2059.90,1,M
10:06:47,2059.90,1,M
10:06:47,2059.90,2,M
10:06:47,2059.90,1,M
10:06:47,2059.90,20,M
10:06:46,2059.80,2,M
10:06:46,2059.80,1,M
10:06:46,2059.80,2,M
10:06:46,2059.80,2,M
10:06:46,2059.80,1,M
10:06:45,2059.80,1,M
10:06:45,2059.80,2,M
10:06:45,2059.70,1,B
10:06:43,2059.80,1,M
10:06:42,2059.80,1,M
10:06:40,2059.80,1,M
10:06:40,2059.80,1,M
10:06:37,2059.80,1,M
10:06:36,2059.80,3,M
10:06:36,2059.80,1,M
10:06:36,2059.80,3,M
10:06:35,2059.80,1,M
10:06:34,2059.80,2,M
10:06:33,2059.80,1,M
10:06:31,2059.80,1,M
10:06:31,2059.90,1,M
10:06:30,2059.90,1,M
10:06:29,2059.50,1,B
10:06:29,2059.90,10,M
10:06:29,2059.90,1,M
10:06:29,2059.80,1,M
10:06:29,2059.90,1,M
10:06:28,2059.90,1,M
10:06:28,2059.90,2,M
10:06:28,2059.90,1,M
10:06:28,2059.90,1,M
10:06:28,2059.80,1,M
10:06:27,2059.80,1,M
10:06:27,2059.80,1,M
10:06:27,2059.80,1,M
10:06:27,2059.70,2,M
10:06:26,2059.70,1,M
10:06:25,2059.70,1,M
10:06:25,2059.70,2,M
10:06:24,2059.70,3,M
10:06:24,2059.70,10,M
10:06:23,2059.70,2,B
10:06:23,2059.70,2,B
10:06:23,2059.80,1,M
10:06:23,2059.80,5,M
10:06:23,2059.80,1,M
10:06:23,2059.80,1,M
10:06:23,2059.80,3,M
10:06:23,2059.80,1,M
10:06:23,2059.80,2,M
10:06:23,2059.80,1,M
10:06:23,2059.80,1,M
10:06:23,2059.80,5,M
10:06:21,2059.80,1,M
10:06:21,2059.70,1,M
10:06:21,2059.70,3,M
10:06:21,2059.50,1,M
10:06:17,2059.50,1,M
10:06:16,2059.50,1,M
10:06:14,2059.70,2,M
10:06:14,2059.70,2,M
10:06:10,2059.80,1,M
10:06:10,2059.80,1,M
10:06:10,2059.70,3,M
10:06:10,2059.60,1,M
10:06:10,2059.60,1,M
10:06:10,2059.60,2,M
10:06:10,2059.60,1,M
10:06:09,2059.60,1,M
10:06:08,2059.20,1,B
10:06:07,2059.60,1,M
10:06:06,2059.60,1,M
10:06:06,2059.60,1,M
10:06:06,2059.60,1,M
10:06:06,2059.60,1,M
10:06:06,2059.60,4,M
10:06:06,2059.60,1,M
10:06:06,2059.50,1,M
10:06:05,2059.00,2,B
10:06:05,2059.00,1,B
10:06:05,2059.10,10,B
10:06:05,2059.10,1,B
10:06:05,2059.10,2,B
10:06:05,2059.10,2,B
10:06:05,2059.20,3,B
10:06:05,2059.20,3,B
10:06:05,2059.20,17,B
10:06:04,2059.60,4,M
10:06:04,2059.60,2,M
10:06:04,2059.60,2,M
10:06:04,2059.60,1,M
10:06:04,2059.60,2,M
10:06:04,2059.60,1,M
10:06:04,2059.60,3,M
10:06:04,2059.60,1,M
10:06:04,2059.50,1,M
10:06:03,2059.60,2,M
10:06:03,2059.60,1,M
10:06:03,2059.60,1,M
10:06:03,2059.60,1,M
10:06:03,2059.50,1,M
10:06:03,2059.50,1,M
10:06:03,2059.50,1,M
10:06:03,2059.50,1,M
10:06:03,2059.50,1,M
10:06:03,2059.50,1,M
10:06:03,2059.50,1,M
10:06:02,2059.10,1,B
10:06:02,2059.10,1,B
10:05:59,2059.50,1,M
10:05:59,2059.50,1,M
10:05:59,2059.30,1,M
10:05:59,2059.30,8,M
10:05:59,2059.30,2,M
10:05:57,2059.30,1,M
10:05:57,2059.10,1,B
10:05:57,2059.10,1,B
10:05:55,2059.00,1,B
10:05:55,2059.50,1,M
10:05:55,2059.00,2,B
10:05:55,2059.00,2,B
10:05:55,2059.00,2,B
10:05:55,2059.00,1,B
10:05:55,2059.00,5,B
10:05:55,2059.00,1,B
10:05:55,2059.00,2,B
10:05:55,2059.00,1,B
10:05:55,2059.00,4,B
10:05:55,2059.00,18,B
10:05:55,2059.10,1,B
10:05:55,2059.10,2,B
10:05:55,2059.10,1,B
10:05:55,2059.10,1,B
10:05:55,2059.10,1,B
10:05:55,2059.10,1,B
10:05:55,2059.10,5,B
10:05:55,2059.50,9,M
10:05:55,2059.40,1,M
10:05:53,2059.10,1,B
10:05:52,2059.10,2,B
10:05:51,2059.20,1,B
10:05:50,2059.60,9,M
10:05:50,2059.60,1,M
10:05:50,2059.20,1,B
10:05:50,2059.60,1,M
10:05:49,2059.20,1,B
10:05:49,2059.20,1,B
10:05:49,2059.20,2,B
10:05:48,2059.20,1,B
10:05:48,2059.20,1,B
10:05:47,2059.70,5,M
10:05:47,2059.70,2,M
10:05:47,2059.80,2,M
10:05:47,2059.80,1,M
10:05:47,2059.80,1,M
10:05:47,2059.80,2,M
10:05:47,2059.70,2,M
10:05:47,2059.60,1,M
10:05:47,2059.60,1,M
10:05:47,2059.40,1,M
10:05:47,2059.40,1,M
10:05:47,2059.40,1,M
10:05:47,2059.20,1,M
10:05:47,2059.10,1,B
10:05:46,2059.10,2,B
10:05:45,2059.00,12,B
10:05:45,2059.10,8,B
10:05:45,2059.10,4,M
10:05:45,2059.10,1,M
10:05:44,2059.00,1,B
10:05:43,2059.00,1,B
10:05:43,2059.00,2,B
10:05:43,2059.00,9,B
10:05:43,2059.10,1,B
10:05:43,2059.10,1,B
10:05:43,2059.10,2,B
10:05:43,2059.20,2,B
10:05:41,2059.10,2,B
10:05:41,2059.10,1,B
10:05:41,2059.10,2,B
10:05:41,2059.10,7,B
10:05:41,2059.30,1,B
10:05:40,2059.10,1,B
10:05:40,2059.10,1,B
10:05:40,2059.20,1,B
10:05:40,2059.20,8,B
10:05:39,2059.20,1,B
10:05:39,2059.20,3,B
10:05:38,2059.20,18,B
10:05:38,2059.20,2,B
10:05:38,2059.20,1,B
10:05:37,2059.20,1,B
10:05:36,2059.30,10,M
10:05:35,2059.30,1,M
10:05:34,2059.30,1,B
10:05:34,2059.30,1,B
10:05:31,2059.40,1,M
10:05:29,2059.40,1,B
10:05:29,2059.50,1,B
10:05:29,2059.50,5,B
10:05:29,2059.50,1,B
10:05:29,2059.50,4,B
10:05:27,2059.60,1,B
10:05:27,2059.60,1,B
10:05:26,2059.80,1,M
10:05:25,2059.70,1,B
10:05:22,2059.60,1,B
10:05:21,2059.80,1,M
10:05:21,2059.70,4,M
10:05:21,2059.70,2,M
10:05:21,2059.70,1,M
10:05:20,2059.70,1,B
10:05:15,2059.70,1,M
10:05:15,2059.60,1,M
10:05:15,2059.60,1,M
10:05:15,2059.60,1,M
10:05:15,2059.60,5,M
10:05:15,2059.50,1,M
10:05:15,2059.50,1,M
10:05:13,2059.60,1,B
10:05:13,2059.60,1,B
10:05:11,2059.60,1,M
10:05:11,2059.60,1,M
10:05:11,2059.60,1,M
10:05:11,2059.10,1,B
10:05:11,2059.10,1,B
10:05:11,2059.10,1,B
10:05:11,2059.20,1,B
10:05:11,2059.20,1,B
10:05:11,2059.20,6,B
10:05:11,2059.30,1,B
10:05:11,2059.70,1,M
10:05:11,2059.70,2,M
10:05:11,2059.70,6,M
10:05:10,2059.10,1,B
10:05:10,2059.30,15,B
10:05:10,2059.30,1,B
10:05:10,2059.30,1,B
10:05:10,2059.30,1,B
10:05:10,2059.30,1,B
10:05:10,2059.30,4,B
10:05:10,2059.40,1,B
10:05:10,2059.50,4,B
10:05:10,2059.50,20,B
10:05:10,2059.60,1,B
10:05:10,2059.80,2,M
10:05:10,2059.80,5,M
10:05:10,2059.80,1,M
10:05:10,2059.80,1,M
10:05:09,2059.60,1,B
10:05:09,2059.40,1,B
10:05:07,2059.30,1,B
10:05:07,2059.40,1,B
10:05:06,2059.50,1,B
10:05:05,2059.50,1,B
10:05:05,2059.60,3,M
10:05:04,2059.40,1,B
10:05:04,2060.00,3,M
10:05:04,2060.00,1,M
10:05:04,2060.00,1,M
10:05:04,2060.00,1,M
10:05:04,2059.90,1,M
10:05:04,2059.80,1,M
10:05:04,2059.80,1,M
10:05:04,2059.80,2,M
10:05:04,2059.70,1,M
10:05:04,2059.70,1,M
10:05:04,2059.30,1,B
10:05:04,2059.30,3,B
10:05:04,2059.40,1,B
10:05:04,2059.50,1,B
10:05:04,2059.60,1,B
10:05:04,2059.60,1,B
10:05:04,2059.60,1,B
10:05:02,2059.80,1,M
10:05:02,2059.80,1,M
10:05:01,2059.80,1,M
10:05:01,2059.80,1,M
10:05:00,2059.80,1,M
10:05:00,2059.60,1,B
10:05:00,2059.60,1,B
10:04:59,2059.60,2,B
10:04:58,2059.80,2,M
10:04:57,2059.60,1,B
10:04:57,2059.60,1,B
10:04:57,2059.60,1,B
10:04:56,2059.80,5,M
10:04:54,2059.80,1,M
10:04:52,2060.00,1,M
10:04:52,2059.80,1,B
10:04:52,2059.80,1,B
10:04:51,2060.00,2,M
10:04:51,2059.90,1,M
10:04:51,2059.80,27,B
10:04:51,2059.80,2,B
10:04:51,2059.90,1,B
10:04:50,2060.00,1,M
10:04:50,2060.00,1,M
10:04:49,2060.00,1,M
10:04:48,2060.00,1,M
10:04:48,2060.00,2,M
10:04:47,2060.00,1,M
10:04:46,2059.80,3,B
10:04:46,2060.00,6,M
10:04:46,2060.00,1,M
10:04:46,2060.00,1,M
10:04:46,2060.00,1,M
10:04:46,2060.00,1,M
10:04:46,2060.00,1,M
10:04:46,2060.00,5,M
10:04:46,2060.00,1,M
10:04:46,2060.00,1,M
10:04:46,2060.00,1,M
10:04:46,2060.00,2,M
10:04:46,2060.00,1,M
10:04:45,2060.00,19,M
10:04:45,2060.00,1,M
10:04:45,2060.00,1,M
10:04:45,2060.00,2,M
10:04:45,2060.00,1,M
10:04:45,2060.00,3,M
10:04:45,2060.00,10,M
10:04:45,2059.90,1,M
10:04:45,2059.90,2,M
10:04:45,2059.90,10,M
10:04:45,2059.90,2,M
10:04:45,2059.90,1,M
10:04:44,2059.90,1,M
10:04:44,2059.80,1,B
10:04:44,2059.80,1,B
10:04:44,2059.80,1,M
10:04:44,2059.40,1,B
10:04:44,2059.40,1,B
10:04:44,2059.40,1,B
10:04:44,2059.40,1,B
10:04:43,2059.90,6,M
10:04:43,2059.90,1,M
10:04:43,2059.90,10,M
10:04:43,2059.80,1,M
10:04:43,2059.90,1,M
10:04:43,2059.90,2,M
10:04:43,2059.80,1,M
10:04:43,2059.80,1,M
10:04:42,2059.80,1,M
10:04:41,2059.80,1,M
10:04:39,2059.90,1,M
10:04:39,2059.80,1,M
10:04:39,2059.80,1,M
10:04:39,2059.80,1,M
10:04:39,2059.70,1,M
10:04:39,2059.70,1,M
10:04:39,2059.70,5,M
10:04:39,2059.70,2,M
10:04:39,2059.70,1,M
10:04:39,2059.60,1,M
10:04:39,2059.60,2,M
10:04:39,2059.30,1,B
10:04:39,2059.50,1,B
10:04:39,2059.30,1,B
10:04:39,2059.30,1,B
10:04:39,2059.40,5,B
10:04:36,2059.60,1,M
10:04:36,2059.50,1,M
10:04:34,2059.70,1,M
10:04:33,2059.30,1,B
10:04:33,2059.30,1,B
10:04:31,2059.30,1,B
10:04:31,2059.50,1,M
10:04:30,2059.50,1,B
10:04:30,2059.70,1,M
10:04:30,2059.40,1,B
10:04:30,2059.40,2,B
10:04:30,2059.50,27,B
10:04:29,2059.50,1,B
10:04:29,2059.50,1,B
10:04:29,2059.50,3,B
10:04:28,2059.50,18,B
10:04:28,2059.50,2,B
10:04:28,2059.50,2,B
10:04:28,2059.50,1,B
10:04:27,2059.50,1,B
10:04:27,2059.50,1,B
10:04:27,2059.40,1,B
10:04:27,2059.50,1,B
10:04:26,2059.40,2,B
10:04:25,2059.40,4,M
10:04:25,2059.40,1,B
10:04:24,2059.40,1,B
10:04:24,2059.40,1,B
10:04:24,2059.80,1,M
10:04:23,2059.80,1,M
10:04:23,2059.80,15,M
10:04:23,2059.80,1,M
10:04:23,2059.80,1,M
10:04:23,2059.80,2,M
10:04:23,2059.80,6,M
10:04:22,2059.30,1,B
10:04:22,2059.30,2,B
10:04:22,2059.30,3,B
10:04:22,2059.40,2,B
10:04:20,2059.30,1,B
10:04:20,2059.90,6,M
10:04:20,2059.90,30,M
10:04:20,2059.90,10,M
10:04:20,2059.90,1,M
10:04:20,2059.90,1,M
10:04:20,2059.90,1,M
10:04:20,2059.80,1,M
10:04:20,2059.80,1,M
10:04:20,2059.80,5,M
10:04:20,2059.80,1,M
10:04:20,2059.80,2,M
10:04:20,2059.80,1,M
10:04:20,2059.70,1,M
10:04:20,2059.60,8,M
10:04:20,2059.60,1,M
10:04:20,2059.60,1,M
10:04:20,2059.50,1,M
10:04:20,2059.50,1,M
10:04:20,2059.50,1,M
10:04:20,2059.50,1,M
10:04:20,2059.50,1,M
10:04:20,2059.50,1,M
10:04:20,2059.50,1,M
10:04:20,2059.50,12,M
10:04:20,2059.20,1,B
10:04:19,2059.50,1,M
10:04:19,2059.40,1,M
10:04:19,2059.40,1,M
10:04:19,2059.30,2,M
10:04:18,2059.20,2,B
10:04:18,2059.30,2,M
10:04:18,2059.20,4,B
10:04:18,2059.20,2,B
10:04:18,2059.30,1,M
10:04:18,2059.20,1,B
10:04:18,2059.20,3,M
10:04:17,2059.20,2,M
10:04:17,2059.20,3,M
10:04:17,2059.20,1,M
10:04:17,2059.10,1,M
10:04:17,2059.10,1,M
10:04:17,2059.00,3,B
10:04:17,2059.10,1,M
10:04:17,2059.10,2,M
10:04:17,2059.10,1,M
10:04:17,2059.10,10,M
10:04:17,2059.10,2,M
10:04:17,2059.00,2,M
10:04:17,2059.00,1,M
10:04:17,2059.00,1,M
10:04:17,2059.00,1,M
10:04:17,2059.00,1,M
10:04:17,2058.90,1,M
10:04:17,2058.90,2,M
10:04:16,2058.90,1,M
10:04:16,2058.90,20,M
10:04:15,2058.90,8,M
10:04:15,2058.80,1,B
10:04:15,2058.90,1,M
10:04:14,2058.90,1,B
10:04:14,2058.90,1,B
10:04:14,2058.90,1,B
10:04:14,2059.00,1,M
10:04:14,2059.00,1,M
10:04:14,2058.90,1,B
10:04:12,2059.00,1,B
10:04:12,2059.00,1,M
10:04:12,2058.60,3,B
10:04:12,2058.60,2,B
10:04:12,2058.60,2,B
10:04:12,2058.60,1,B
10:04:12,2058.60,1,B
10:04:12,2058.60,2,B
10:04:12,2058.60,2,B
10:04:12,2058.70,2,B
10:04:12,2058.70,1,B
10:04:12,2058.70,1,B
10:04:12,2058.70,2,B
10:04:12,2058.70,6,B
10:04:12,2058.70,1,B
10:04:12,2059.10,2,M
10:04:12,2058.80,1,M
10:04:12,2058.80,1,M
10:04:12,2058.70,3,B
10:04:12,2058.70,1,B
10:04:12,2058.70,3,B
10:04:12,2058.70,13,B
10:04:11,2059.10,1,M
10:04:11,2059.00,1,M
10:04:11,2058.70,4,B
10:04:11,2058.90,1,B
10:04:11,2058.90,1,B
10:04:11,2058.90,1,B
10:04:11,2058.70,1,B
10:04:11,2058.70,2,B
10:04:11,2058.80,1,B
10:04:10,2059.10,5,M
10:04:10,2059.10,3,M
10:04:10,2059.00,1,M
10:04:10,2059.00,1,M
10:04:10,2059.10,1,M
10:04:10,2059.10,1,M
10:04:09,2058.70,1,B
10:04:09,2058.70,9,B
10:04:09,2058.70,4,B
10:04:09,2059.10,1,M
10:04:09,2058.70,3,B
10:04:09,2058.70,4,B
10:04:09,2058.80,2,B
10:04:09,2058.80,1,B
10:04:08,2059.00,8,B
10:04:08,2059.00,2,M
10:04:08,2059.00,4,M
10:04:08,2059.00,1,M
10:04:07,2058.80,1,B
10:04:07,2058.80,1,B
10:04:07,2058.80,2,B
10:04:07,2058.80,1,B
10:04:07,2059.00,4,B
10:04:07,2059.00,1,M
10:04:07,2059.00,1,M
10:04:07,2059.00,10,M
10:04:07,2059.00,1,M
10:04:07,2059.00,2,M
10:04:07,2059.00,2,M
10:04:07,2059.00,9,M
10:04:07,2059.00,11,M
10:04:06,2059.00,2,M
10:04:06,2058.80,7,B
10:04:06,2058.80,2,B
10:04:06,2058.80,1,B
10:04:06,2058.80,1,B
10:04:06,2058.80,3,B
10:04:06,2058.90,1,M
10:04:06,2058.80,1,B
10:04:06,2058.80,10,B
10:04:05,2059.00,1,M
10:04:05,2059.00,1,M
10:04:05,2058.80,2,B
10:04:05,2058.80,1,B
10:04:04,2058.80,4,B
10:04:04,2058.80,1,B
10:04:04,2058.80,7,B
10:04:04,2058.80,1,B
10:04:04,2058.80,1,B
10:04:04,2058.80,1,B
10:04:04,2058.80,1,B
10:04:04,2059.00,3,M
10:04:04,2058.90,5,B
10:04:04,2059.10,1,M
10:04:04,2059.00,1,M
10:04:03,2059.00,1,M
10:04:03,2059.00,2,B
10:04:03,2058.60,20,B
10:04:03,2059.10,1,M
10:04:03,2059.00,1,M
10:04:03,2059.00,1,M
10:04:03,2058.60,1,B
10:04:02,2058.60,5,B
10:04:02,2059.10,1,M
10:04:02,2059.00,1,M
10:04:02,2058.60,1,B
10:04:02,2059.00,1,M
10:04:02,2058.60,1,B
10:04:02,2058.60,1,B
10:04:02,2058.60,9,B
10:04:02,2058.60,1,B
10:04:02,2058.60,1,B
10:04:02,2058.70,1,B
10:04:02,2058.70,5,B
10:04:02,2058.70,4,B
10:04:02,2058.70,1,B
10:04:02,2058.70,1,B
10:04:02,2058.80,1,B
10:04:02,2058.80,2,B
10:04:02,2058.90,7,B
10:04:02,2059.00,1,B
10:04:02,2059.00,3,B
10:04:02,2059.00,4,B
10:04:02,2059.00,9,B
10:04:01,2059.00,5,B
10:04:01,2059.10,1,M
10:04:01,2059.00,2,B
10:04:01,2059.10,2,B
10:04:01,2059.60,1,M
10:04:01,2059.60,1,M
10:04:01,2059.10,4,B
10:04:00,2059.60,9,M
10:04:00,2059.50,5,M
10:04:00,2059.50,1,M
10:04:00,2059.50,4,M
10:04:00,2059.50,6,M
10:04:00,2059.50,1,M
10:04:00,2059.50,3,M
10:04:00,2059.40,7,M
10:04:00,2059.10,1,B
10:04:00,2059.10,1,B
10:04:00,2059.30,1,M
10:04:00,2059.10,1,M
10:04:00,2058.80,3,B
10:04:00,2058.80,1,B
10:04:00,2058.90,1,B
10:03:59,2059.10,1,B
10:03:59,2059.00,2,M
10:03:59,2059.00,7,M
10:03:59,2059.00,20,M
10:03:59,2058.80,1,B
10:03:59,2058.80,1,B
10:03:58,2059.00,7,M
10:03:58,2058.80,1,B
10:03:58,2058.80,1,B
10:03:58,2059.00,8,M
10:03:58,2058.80,1,B
10:03:58,2058.80,1,B
10:03:58,2058.80,8,B
10:03:58,2058.80,2,B
10:03:58,2058.80,10,B
10:03:58,2058.80,2,B
10:03:58,2058.80,6,B
10:03:58,2058.80,2,B
10:03:58,2058.80,1,B
10:03:58,2059.00,1,M
10:03:58,2059.00,20,M
10:03:58,2058.80,1,B
10:03:58,2058.80,1,B
10:03:58,2058.80,1,B
10:03:58,2058.90,1,B
10:03:58,2058.90,1,B
10:03:58,2058.90,1,B
10:03:58,2059.00,1,B
10:03:58,2059.00,1,B
10:03:58,2059.00,1,B
10:03:58,2059.00,2,B
10:03:58,2059.00,1,B
10:03:58,2059.00,1,B
10:03:58,2059.00,1,B
10:03:58,2059.00,5,B
10:03:58,2059.00,1,B
10:03:58,2059.00,1,B
10:03:58,2059.00,1,B
10:03:58,2059.00,3,B
10:03:58,2059.00,1,B
10:03:58,2059.00,1,B
10:03:58,2059.00,1,B
10:03:58,2059.00,1,B
10:03:58,2059.00,1,B
10:03:58,2059.00,1,B
10:03:58,2059.00,1,B
10:03:58,2059.00,8,B
10:03:58,2059.00,7,B
10:03:58,2059.00,2,B
10:03:58,2059.10,3,B
10:03:58,2059.10,1,B
10:03:58,2059.10,1,B
10:03:58,2059.10,20,B
10:03:58,2059.10,9,B
10:03:58,2059.10,20,B
10:03:58,2059.20,1,B
10:03:58,2059.20,5,B
10:03:58,2059.20,9,B
10:03:58,2059.40,20,B
10:03:58,2059.40,3,B
10:03:58,2059.50,1,M
10:03:57,2059.20,2,B
10:03:57,2059.20,9,B
10:03:57,2059.20,15,B
10:03:57,2059.20,1,B
10:03:57,2059.20,1,B
10:03:57,2059.30,16,B
10:03:57,2059.30,1,M
10:03:57,2059.30,3,M
10:03:57,2059.30,1,M
10:03:57,2059.30,1,M
10:03:57,2059.30,1,M
10:03:57,2059.30,13,M
10:03:57,2059.20,2,B
10:03:56,2059.20,1,B
10:03:56,2059.30,1,M
10:03:56,2059.10,1,B
10:03:56,2059.10,2,B
10:03:56,2059.10,1,B
10:03:56,2059.10,1,B
10:03:55,2059.10,1,B
10:03:55,2059.10,1,B
10:03:55,2059.10,1,B
10:03:55,2059.30,1,M
10:03:55,2059.30,1,M
10:03:55,2059.10,1,B
10:03:55,2059.10,1,B
10:03:55,2059.20,1,B
10:03:55,2059.10,5,B
10:03:54,2059.20,1,M
10:03:54,2059.20,2,M
10:03:54,2059.10,1,B
10:03:54,2059.10,1,B
10:03:54,2059.30,1,M
10:03:53,2059.10,1,B
10:03:53,2059.10,2,B
10:03:53,2059.10,1,B
10:03:53,2059.10,1,B
10:03:53,2059.20,1,B
10:03:53,2059.50,2,M
10:03:53,2059.50,2,M
10:03:53,2059.50,1,M
10:03:53,2059.50,1,M
10:03:53,2059.50,5,M
10:03:53,2059.20,2,B
10:03:53,2059.20,1,B
10:03:53,2059.20,1,B
10:03:53,2059.20,1,B
10:03:53,2059.20,2,B
10:03:53,2059.30,1,B
10:03:53,2059.50,5,M
10:03:53,2059.50,2,M
10:03:53,2059.30,1,B
10:03:53,2059.30,1,B
10:03:53,2059.30,1,B
10:03:53,2059.30,1,B
10:03:53,2059.30,1,B
10:03:53,2059.40,1,B
10:03:53,2059.40,1,B
10:03:53,2059.40,2,B
10:03:53,2059.40,15,B
10:03:53,2059.40,5,B
10:03:53,2059.50,1,M
10:03:53,2059.50,4,M
10:03:53,2059.50,1,M
10:03:52,2059.50,1,B
10:03:52,2059.50,1,B
10:03:52,2059.50,1,B
10:03:52,2059.50,1,B
10:03:52,2059.50,2,B
10:03:52,2059.50,1,B
10:03:52,2059.50,2,B
10:03:52,2059.50,3,B
10:03:52,2059.50,2,B
10:03:52,2059.50,1,B
10:03:52,2059.50,17,B
10:03:52,2059.60,1,M
10:03:52,2059.50,20,B
10:03:52,2059.50,5,B
10:03:52,2059.50,20,B
10:03:52,2059.60,1,B
10:03:52,2059.60,1,M
10:03:52,2059.50,1,B
10:03:51,2059.50,6,B
10:03:51,2059.60,3,B
10:03:51,2059.60,1,B
10:03:51,2059.60,1,B
10:03:50,2059.50,3,B
10:03:50,2059.50,2,B
10:03:50,2059.60,1,B
10:03:50,2059.50,1,B
10:03:50,2059.50,2,B
10:03:50,2059.50,1,B
10:03:50,2059.50,4,B
10:03:50,2059.60,1,M
10:03:50,2059.50,1,B
10:03:50,2059.60,1,M
10:03:50,2059.50,1,B
10:03:50,2059.60,1,M
10:03:50,2059.50,2,B
10:03:49,2059.50,1,B
10:03:49,2059.50,2,B
10:03:49,2059.50,11,B
10:03:49,2059.50,2,B
10:03:49,2059.50,1,B
10:03:49,2059.50,1,B
10:03:49,2059.60,1,B
10:03:49,2059.60,1,B
10:03:49,2059.60,1,B
10:03:49,2059.60,9,B
10:03:49,2059.60,1,B
10:03:49,2059.60,1,B
10:03:49,2059.60,1,B
10:03:49,2059.60,10,B
10:03:49,2059.60,1,B
10:03:49,2060.00,1,M
10:03:49,2059.60,8,B
10:03:49,2059.60,1,B
10:03:49,2059.70,20,B
10:03:49,2059.70,4,B
10:03:49,2059.70,7,B
10:03:49,2059.70,1,B
10:03:49,2059.70,1,B
10:03:49,2059.80,1,B
10:03:49,2059.80,5,B
10:03:49,2059.80,1,B
10:03:49,2059.90,1,B
10:03:49,2059.90,19,B
10:03:49,2059.90,1,B
10:03:48,2059.90,1,B
10:03:48,2059.90,8,B
10:03:48,2059.90,6,B
10:03:48,2059.90,19,B
10:03:48,2059.90,1,B
10:03:46,2060.00,1,M
10:03:46,2059.90,1,B
10:03:46,2059.90,10,B
10:03:46,2060.20,1,B
10:03:46,2060.20,4,B
10:03:46,2060.00,1,M
10:03:45,2060.00,4,M
10:03:45,2060.00,1,M
10:03:45,2059.90,1,B
10:03:44,2060.00,1,B
10:03:44,2060.00,1,B
10:03:44,2060.00,1,B
10:03:44,2060.20,1,M
10:03:44,2060.20,1,M
10:03:44,2060.20,1,M
10:03:44,2060.20,2,M
10:03:43,2059.90,1,B
10:03:43,2059.90,17,B
10:03:43,2059.90,1,B
10:03:43,2060.00,1,B
10:03:43,2060.00,17,B
10:03:43,2060.00,1,B
10:03:43,2060.00,1,B
10:03:42,2060.00,1,B
10:03:42,2060.00,3,B
10:03:42,2060.00,1,M
10:03:42,2060.00,1,M
10:03:42,2059.90,1,B
10:03:42,2059.90,4,B
10:03:42,2059.90,6,B
10:03:42,2059.90,1,B
10:03:41,2059.90,1,B
10:03:41,2059.90,9,B
10:03:41,2060.00,1,B
10:03:41,2060.00,2,B
10:03:41,2060.00,9,B
10:03:41,2060.00,9,B
10:03:41,2060.00,10,M
10:03:41,2059.90,1,B
10:03:41,2060.00,1,M
10:03:41,2060.00,1,M
10:03:41,2059.90,8,B
10:03:40,2059.90,8,B
10:03:40,2059.90,4,B
10:03:40,2059.90,3,B
10:03:40,2059.90,42,B
10:03:40,2059.90,1,B
10:03:40,2059.90,1,B
10:03:40,2059.90,1,B
10:03:40,2060.20,19,M
10:03:40,2060.20,1,M
10:03:39,2059.90,2,B
10:03:39,2059.90,1,B
10:03:39,2059.90,2,B
10:03:39,2060.00,1,B
10:03:39,2060.00,2,B
10:03:39,2060.00,1,B
10:03:39,2060.00,2,B
10:03:39,2060.00,2,B
10:03:39,2060.00,1,B
10:03:39,2060.00,1,B
10:03:39,2060.00,2,B
10:03:39,2060.00,1,B
10:03:39,2060.00,1,B
10:03:39,2060.00,1,B
10:03:39,2060.00,1,B
10:03:39,2060.00,2,B
10:03:39,2060.00,1,B
10:03:39,2060.00,1,B
10:03:39,2060.00,1,B
10:03:39,2060.00,2,B
10:03:39,2060.00,6,B
10:03:39,2060.00,1,B
10:03:39,2060.00,1,B
10:03:39,2060.00,2,B
10:03:39,2060.00,3,B
10:03:39,2060.00,1,B
10:03:39,2060.00,1,B
10:03:39,2060.00,1,B
10:03:39,2060.00,1,B
10:03:39,2060.00,5,B
10:03:39,2060.00,1,B
10:03:39,2060.00,1,B
10:03:39,2060.00,1,B
10:03:39,2060.00,1,B
10:03:39,2060.00,10,B
10:03:39,2060.00,2,B
10:03:39,2060.00,1,B
10:03:39,2060.00,1,B
10:03:39,2060.00,2,B
10:03:39,2060.00,1,B
10:03:39,2060.00,8,B
10:03:39,2060.00,1,B
10:03:39,2060.00,5,B
10:03:39,2060.00,1,B
10:03:39,2060.00,2,B
10:03:39,2060.00,1,B
10:03:39,2060.00,1,B
10:03:39,2060.00,30,B
10:03:39,2060.10,1,B
10:03:39,2060.10,1,B
10:03:39,2060.10,1,B
10:03:39,2060.10,1,B
10:03:39,2060.10,4,B
10:03:39,2060.10,1,B
10:03:39,2060.10,1,B
10:03:39,2060.10,1,B
10:03:39,2060.10,1,B
10:03:39,2060.10,5,B
10:03:39,2060.10,1,B
10:03:39,2060.10,1,B
10:03:39,2060.10,2,B
10:03:39,2060.10,1,B
10:03:39,2060.10,13,B
10:03:39,2060.10,1,B
10:03:39,2060.10,1,B
10:03:39,2060.10,20,B
10:03:39,2060.10,1,B
10:03:39,2060.10,1,B
10:03:39,2060.10,1,B
10:03:39,2060.10,2,B
10:03:39,2060.20,20,B
10:03:39,2060.20,1,B
10:03:39,2060.20,1,B
10:03:39,2060.20,2,B
10:03:39,2060.20,1,B
10:03:39,2060.20,1,B
10:03:39,2060.20,4,B
10:03:39,2060.20,4,B
10:03:39,2060.20,4,B
10:03:39,2060.20,20,B
10:03:39,2060.20,12,B
10:03:39,2060.20,1,B
10:03:38,2060.20,1,B
10:03:38,2060.20,2,B
10:03:38,2060.20,2,B
10:03:38,2060.20,2,B
10:03:38,2060.20,1,B
10:03:38,2060.20,1,B
10:03:38,2060.20,1,B
10:03:37,2060.20,1,B
10:03:37,2060.30,1,B
10:03:37,2060.30,1,B
10:03:37,2060.30,1,B
10:03:37,2060.30,3,B
10:03:37,2060.30,1,B
10:03:37,2060.30,1,B
10:03:37,2060.30,2,B
10:03:37,2060.30,1,B
10:03:37,2060.30,1,B
10:03:37,2060.30,1,B
10:03:36,2060.40,4,B
10:03:36,2060.40,1,B
10:03:36,2060.40,9,B
10:03:36,2060.40,1,B
10:03:36,2060.40,1,B
10:03:36,2060.40,1,B
10:03:36,2060.40,3,B
10:03:36,2060.40,5,B
10:03:35,2060.50,1,M
10:03:35,2060.50,1,M
10:03:34,2060.50,1,B
10:03:34,2060.50,1,B
10:03:34,2060.50,15,B
10:03:34,2060.50,1,B
10:03:34,2060.50,1,B
10:03:34,2060.50,5,B
10:03:34,2060.50,1,B
10:03:34,2060.50,2,B
10:03:34,2060.50,1,B
10:03:34,2060.50,1,B
10:03:34,2060.50,1,B
10:03:34,2060.50,1,B
10:03:34,2060.50,1,B
10:03:34,2060.50,1,B
10:03:34,2060.50,2,B
10:03:34,2060.50,1,B
10:03:34,2060.50,10,B
10:03:34,2060.50,1,B
10:03:34,2060.50,1,B
10:03:34,2060.50,1,B
10:03:34,2060.50,1,B
10:03:34,2060.50,1,B
10:03:34,2060.50,2,B
10:03:34,2060.50,1,B
10:03:34,2060.50,19,B
10:03:34,2060.50,2,B
10:03:34,2060.50,10,B
10:03:32,2060.60,13,B
10:03:31,2060.50,6,B
10:03:31,2060.50,1,B
10:03:30,2060.50,1,B
10:03:30,2060.50,1,B
10:03:29,2060.50,2,B
10:03:29,2060.60,1,B
10:03:29,2060.60,2,B
10:03:29,2060.70,1,B
10:03:29,2060.70,5,B
10:03:29,2060.70,3,B
10:03:29,2060.70,1,B
10:03:29,2060.70,1,B
10:03:29,2060.70,13,B
10:03:29,2060.70,13,B
10:03:29,2060.70,14,B
10:03:29,2060.70,4,B
10:03:29,2060.70,1,B
10:03:29,2060.70,3,B
10:03:29,2060.70,4,B
10:03:29,2060.70,2,B
10:03:28,2060.70,3,B
10:03:28,2060.70,2,B
10:03:28,2060.70,2,B
10:03:28,2060.70,8,B
10:03:28,2060.70,1,B
10:03:28,2060.70,14,B
10:03:28,2060.70,2,B
10:03:26,2060.80,1,M
10:03:26,2060.80,1,M
10:03:25,2060.70,1,B
10:03:25,2060.70,1,B
10:03:24,2060.80,1,M
10:03:24,2060.70,1,B
10:03:24,2060.70,1,B
10:03:23,2060.70,1,B
10:03:23,2060.70,1,B
10:03:22,2060.70,2,B
10:03:22,2060.70,1,B
10:03:22,2060.70,1,B
10:03:22,2060.70,1,B
10:03:22,2060.70,1,B
10:03:21,2060.70,1,B
10:03:20,2060.70,1,B
10:03:18,2060.80,1,M
10:03:17,2060.70,1,B
10:03:16,2060.70,1,B
10:03:16,2060.70,1,B
10:03:16,2060.80,1,M
10:03:15,2060.70,1,B
10:03:14,2060.70,3,B
10:03:14,2060.70,1,B
10:03:14,2060.70,1,B
10:03:14,2060.70,5,B
10:03:14,2060.70,8,B
10:03:14,2060.70,5,B
10:03:14,2060.70,2,B
10:03:14,2060.70,2,B
10:03:13,2060.70,1,B
10:03:13,2060.70,1,B
10:03:13,2060.70,1,B
10:03:13,2060.70,2,B
10:03:11,2060.70,4,B
10:03:11,2060.70,1,B
10:03:11,2060.70,2,B
10:03:11,2060.70,1,B
10:03:11,2060.70,2,B
10:03:11,2060.70,1,B
10:03:11,2060.80,1,B
10:03:09,2060.70,3,B
10:03:09,2060.80,1,B
10:03:09,2060.80,1,B
10:03:09,2060.80,13,B
10:03:08,2060.80,1,B
10:03:06,2060.80,1,M
10:03:05,2060.70,1,B
10:03:05,2060.90,1,M
10:03:05,2060.90,1,M
10:03:04,2060.80,1,B
10:03:02,2060.70,1,B
10:03:02,2060.70,1,B
10:03:02,2060.70,1,B
10:03:01,2060.90,1,M
10:03:01,2060.90,1,M
10:03:01,2060.90,1,M
10:03:01,2060.90,1,M
10:03:01,2060.80,1,M
10:03:01,2060.70,1,B
10:03:01,2060.80,2,M
10:03:00,2060.80,3,B
10:02:59,2060.70,1,B
10:02:58,2060.70,1,B
10:02:58,2060.80,8,B
10:02:54,2060.80,1,B
10:02:52,2060.70,1,B
10:02:51,2060.70,9,B
10:02:51,2060.90,9,B
10:02:50,2060.90,9,B
10:02:50,2060.90,1,B
10:02:50,2060.90,1,B
10:02:47,2060.90,1,B
10:02:47,2060.90,3,B
10:02:47,2060.90,4,B
10:02:44,2060.90,1,B
10:02:43,2061.00,2,M
10:02:42,2060.80,1,M
10:02:41,2060.80,1,B
10:02:41,2060.80,1,B
10:02:41,2060.80,1,B
10:02:39,2061.00,2,M
10:02:34,2060.80,1,B
10:02:33,2061.30,2,M
10:02:33,2061.20,2,M
10:02:33,2061.20,7,B
10:02:33,2061.20,2,B
10:02:33,2061.20,1,M
10:02:32,2060.80,1,B
10:02:32,2060.80,3,B
10:02:32,2061.00,1,B
10:02:32,2061.30,4,M
10:02:29,2061.30,3,M
10:02:29,2061.20,1,M
10:02:29,2061.20,1,M
10:02:29,2060.80,2,B
10:02:29,2060.80,4,B
10:02:29,2061.00,1,B
10:02:29,2061.00,1,B
10:02:27,2061.30,4,M
10:02:27,2061.00,1,B
10:02:27,2061.00,1,B
10:02:26,2061.00,1,B
10:02:26,2061.30,1,M
10:02:26,2061.00,1,B
10:02:26,2061.00,1,B
10:02:26,2061.00,1,B
10:02:25,2061.40,1,M
10:02:24,2061.40,1,M
10:02:19,2061.40,1,M
10:02:16,2061.50,14,M
10:02:16,2061.50,3,M
10:02:16,2061.50,1,M
10:02:16,2061.40,1,M
10:02:16,2061.40,1,M
10:02:16,2061.40,1,M
10:02:16,2061.40,1,M
10:02:16,2061.40,1,M
10:02:16,2061.40,1,M
10:02:16,2061.40,1,M
10:02:16,2061.30,1,M
10:02:16,2061.30,9,M
10:02:15,2061.00,1,B
10:02:13,2061.30,1,M
10:02:13,2061.30,3,M
10:02:13,2061.30,1,M
10:02:13,2061.30,2,M
10:02:11,2061.30,1,M
10:02:11,2061.20,1,M
10:02:11,2061.20,1,M
10:02:10,2061.10,4,M
10:02:10,2061.10,1,M
10:02:10,2061.10,1,M
10:02:09,2061.10,1,M
10:02:07,2061.00,1,B
10:02:05,2061.00,1,B
10:02:05,2061.00,1,M
10:02:04,2061.00,1,M
10:02:04,2061.00,1,M
10:02:04,2061.00,1,M
10:02:03,2061.00,1,B
10:02:03,2061.10,1,M
10:02:03,2061.10,1,M
10:02:03,2061.10,1,M
10:02:02,2061.10,3,M
10:02:02,2061.00,1,M
10:02:02,2061.00,1,M
10:02:02,2061.00,1,M
10:02:01,2061.00,1,M
10:02:01,2061.00,1,M
10:02:01,2061.00,1,M
10:02:01,2061.00,1,M
10:02:01,2061.00,1,M
10:02:01,2061.00,1,M
10:02:01,2060.90,1,M
10:02:00,2060.80,1,M
10:02:00,2060.80,1,M
10:02:00,2060.80,1,M
10:02:00,2060.80,1,M
10:02:00,2060.80,1,M
10:02:00,2060.80,8,M
10:02:00,2060.80,3,M
10:02:00,2060.80,2,M
10:02:00,2060.70,8,B
10:02:00,2060.70,1,B
10:02:00,2060.70,1,B
10:01:59,2060.80,2,M
10:01:59,2060.80,3,M
10:01:58,2060.80,1,M
10:01:58,2060.80,1,M
10:01:58,2060.80,1,M
10:01:58,2060.80,1,M
10:01:56,2060.70,1,B
10:01:56,2060.80,1,M
10:01:56,2060.80,1,M
10:01:55,2060.80,2,M
10:01:55,2060.70,1,B
10:01:55,2060.70,1,B
10:01:55,2060.70,1,B
10:01:55,2060.70,1,B
10:01:55,2060.80,1,M
10:01:55,2060.80,1,M
10:01:54,2060.70,1,B
10:01:54,2060.80,1,M
10:01:54,2060.70,1,B
10:01:54,2060.70,1,B
10:01:54,2060.70,1,B
10:01:54,2060.80,1,M
10:01:53,2060.70,1,B
10:01:53,2060.70,1,M
10:01:53,2060.70,1,M
10:01:53,2060.70,1,M
10:01:52,2060.70,2,M
10:01:52,2060.60,1,B
10:01:52,2060.60,1,B
10:01:51,2060.60,1,B
10:01:50,2060.60,1,B
10:01:50,2060.60,1,B
10:01:50,2060.60,1,B
10:01:50,2060.60,1,B
10:01:50,2060.60,1,B
10:01:50,2060.60,1,B
10:01:50,2060.50,1,B
10:01:50,2060.60,1,B
10:01:49,2060.60,1,B
10:01:49,2060.60,1,B
10:01:49,2060.70,1,M
10:01:49,2060.60,1,M
10:01:48,2060.60,2,B
10:01:47,2060.80,9,M
10:01:47,2060.60,5,B
10:01:47,2060.80,9,M
10:01:47,2060.80,1,M
10:01:47,2060.80,1,M
10:01:47,2060.80,4,M
10:01:47,2060.80,1,M
10:01:47,2060.70,2,M
10:01:46,2060.60,4,B
10:01:46,2060.60,1,B
10:01:46,2060.60,1,B
10:01:45,2060.60,1,M
10:01:45,2060.50,3,B
10:01:45,2060.50,4,B
10:01:44,2060.80,1,M
10:01:44,2060.80,1,M
10:01:44,2060.50,1,B
10:01:44,2060.60,1,B
10:01:44,2060.60,1,B
10:01:43,2060.50,2,B
10:01:43,2060.80,4,M
10:01:43,2060.60,1,M
10:01:43,2060.50,3,B
10:01:43,2060.50,1,B
10:01:42,2060.50,3,B
10:01:42,2060.60,2,B
10:01:41,2060.60,2,B
10:01:41,2060.60,1,B
10:01:40,2060.50,1,B
10:01:40,2060.60,1,B
10:01:40,2060.60,2,B
10:01:40,2060.60,11,B
10:01:40,2060.80,1,M
10:01:39,2060.60,3,B
10:01:39,2060.80,1,M
10:01:38,2060.60,1,B
10:01:38,2060.60,1,B
10:01:38,2060.70,1,B
10:01:37,2060.80,1,M
10:01:37,2060.80,1,M
10:01:37,2060.80,1,M
10:01:35,2060.70,1,B
10:01:35,2060.80,1,M
10:01:35,2060.80,2,M
10:01:35,2060.80,5,M
10:01:34,2060.80,3,M
10:01:34,2060.70,2,B
10:01:31,2060.80,1,M
10:01:31,2060.80,3,M
10:01:31,2060.70,10,B
10:01:31,2060.70,2,B
10:01:31,2060.70,1,B
10:01:31,2060.70,1,B
10:01:29,2060.70,3,B
10:01:29,2060.70,1,B
10:01:28,2060.70,1,B
10:01:28,2060.80,1,M
10:01:28,2060.70,10,B
10:01:28,2060.70,1,B
10:01:28,2060.60,5,B
10:01:27,2060.80,2,M
10:01:27,2060.60,3,B
10:01:26,2060.70,20,B
10:01:26,2060.80,1,M
10:01:25,2060.60,3,B
10:01:25,2060.60,2,M
10:01:25,2060.50,5,B
10:01:25,2060.50,1,B
10:01:25,2060.50,5,B
10:01:24,2060.50,4,B
10:01:24,2060.80,5,M
10:01:24,2060.50,5,B
10:01:24,2060.50,15,B
10:01:24,2060.60,2,B
10:01:24,2060.60,1,B
10:01:24,2060.60,1,B
10:01:23,2060.50,4,B
10:01:23,2060.50,5,B
10:01:23,2060.50,10,B
10:01:23,2060.60,2,B
10:01:23,2060.60,3,B
10:01:23,2060.70,4,B
10:01:23,2060.70,1,B
10:01:23,2060.70,1,M
10:01:23,2060.70,14,M
10:01:23,2060.60,2,B
10:01:23,2060.60,2,B
10:01:23,2060.60,1,B
10:01:23,2060.60,1,B
10:01:23,2060.60,1,B
10:01:23,2060.60,2,B
10:01:23,2060.60,5,B
10:01:22,2060.70,1,B
10:01:22,2060.70,1,B
10:01:22,2060.70,4,B
10:01:22,2060.70,5,B
10:01:22,2060.70,1,B
10:01:22,2060.70,1,B
10:01:21,2060.70,1,B
10:01:21,2060.80,1,B
10:01:21,2060.80,1,B
10:01:21,2060.90,1,B
10:01:21,2060.90,5,B
10:01:21,2060.90,1,B
10:01:21,2060.90,1,B
10:01:21,2060.90,1,B
10:01:21,2060.90,5,B
10:01:21,2060.90,14,B
10:01:21,2060.90,2,B
10:01:21,2060.90,2,B
10:01:21,2060.90,8,B
10:01:21,2060.90,8,B
10:01:21,2060.90,6,B
10:01:21,2060.90,14,B
10:01:21,2060.90,1,B
10:01:21,2060.90,5,B
10:01:21,2060.90,1,B
10:01:21,2060.90,8,B
10:01:21,2060.90,1,B
10:01:21,2060.90,1,B
10:01:21,2060.90,2,B
10:01:21,2060.90,2,B
10:01:21,2060.90,1,B
10:01:21,2060.90,13,B
10:01:20,2061.00,3,M
10:01:20,2061.00,2,M
10:01:20,2060.90,6,B
10:01:20,2060.90,4,B
10:01:20,2060.90,1,B
10:01:20,2060.90,3,B
10:01:20,2060.90,1,B
10:01:20,2060.90,1,B
10:01:20,2060.90,1,B
10:01:20,2060.90,1,B
10:01:20,2060.90,1,B
10:01:20,2060.90,6,B
10:01:20,2060.90,4,B
10:01:20,2060.90,4,B
10:01:20,2060.90,16,B
10:01:20,2060.90,4,B
10:01:20,2060.90,9,B
10:01:20,2060.90,11,B
10:01:20,2060.90,4,B
10:01:20,2060.90,7,B
10:01:20,2060.90,2,B
10:01:20,2060.90,3,B
10:01:20,2060.90,2,B
10:01:20,2060.90,5,B
10:01:20,2060.90,1,B
10:01:20,2060.90,1,B
10:01:20,2060.90,1,B
10:01:20,2060.90,3,B
10:01:20,2060.90,2,B
10:01:20,2060.90,1,B
10:01:20,2060.90,1,B
10:01:20,2060.90,2,B
10:01:20,2060.90,2,B
10:01:20,2060.90,5,B
10:01:20,2060.90,15,B
10:01:19,2060.90,5,B
10:01:19,2060.90,3,B
10:01:19,2060.90,4,B
10:01:19,2060.90,5,B
10:01:19,2060.90,1,B
10:01:19,2060.90,1,B
10:01:19,2060.90,1,B
10:01:19,2060.90,5,B
10:01:19,2060.90,1,B
10:01:19,2060.90,1,B
10:01:19,2060.90,13,B
10:01:19,2061.00,1,M
10:01:19,2061.00,1,B
10:01:19,2061.00,1,B
10:01:19,2061.00,1,B
10:01:19,2061.00,1,B
10:01:19,2061.00,1,B
10:01:19,2061.00,1,B
10:01:19,2061.00,3,B
10:01:19,2061.00,1,B
10:01:19,2061.00,1,B
10:01:19,2061.00,1,B
10:01:19,2061.00,2,B
10:01:19,2061.00,15,B
10:01:19,2061.00,1,B
10:01:18,2061.00,3,B
10:01:18,2061.00,15,B
10:01:18,2061.00,2,B
10:01:18,2061.20,2,M
10:01:18,2061.00,2,B
10:01:18,2061.00,2,B
10:01:18,2061.00,2,B
10:01:18,2061.00,2,B
10:01:18,2061.00,4,B
10:01:18,2061.00,2,B
10:01:18,2061.00,2,B
10:01:18,2061.00,4,B
10:01:14,2061.00,1,B
10:01:14,2061.40,1,M
10:01:14,2061.30,1,M
10:01:14,2061.20,5,M
10:01:14,2061.20,1,M
10:01:14,2061.10,4,M
10:01:13,2061.10,3,M
10:01:13,2061.10,1,M
10:01:12,2061.10,1,B
10:01:12,2061.10,1,B
10:01:12,2061.10,1,B
10:01:12,2061.10,1,B
10:01:11,2061.20,1,M
10:01:09,2061.10,1,B
10:01:09,2061.20,6,M
10:01:08,2061.10,1,B
10:01:08,2061.10,2,B
10:01:08,2061.10,1,B
10:01:06,2061.10,5,M
10:01:06,2061.10,1,M
10:01:06,2061.10,2,M
10:01:06,2061.10,3,M
10:01:06,2061.10,3,M
10:01:05,2061.00,1,B
10:01:05,2061.00,1,B
10:01:03,2061.10,1,B
10:01:03,2061.10,1,B
10:01:03,2061.10,1,B
10:01:03,2061.10,9,B
10:01:03,2061.10,2,B
10:01:02,2061.10,1,B
10:01:01,2061.10,1,B
10:01:00,2061.10,1,B
10:01:00,2061.10,1,B
10:00:59,2061.00,5,B
10:00:59,2061.00,1,B
10:00:58,2061.20,1,M
10:00:58,2061.10,1,B
10:00:58,2061.10,1,B
10:00:57,2061.10,1,B
10:00:55,2060.90,1,B
10:00:54,2060.90,1,B
10:00:54,2060.90,1,B
10:00:54,2060.90,2,B
10:00:54,2060.90,1,B
10:00:54,2060.90,1,B
10:00:54,2061.00,14,B
10:00:54,2061.00,6,M
10:00:53,2061.00,3,M
10:00:53,2061.00,17,M
10:00:53,2061.00,10,M
10:00:52,2061.00,11,M
10:00:52,2060.90,1,B
10:00:52,2060.90,1,B
10:00:52,2060.90,2,B
10:00:50,2061.00,2,B
10:00:50,2061.00,1,B
10:00:50,2061.00,2,B
10:00:50,2061.00,1,B
10:00:50,2061.00,1,B
10:00:50,2061.10,3,B
10:00:50,2061.10,1,B
10:00:50,2061.10,14,B
10:00:50,2061.10,1,B
10:00:50,2061.10,1,B
10:00:49,2061.10,2,B
10:00:49,2061.10,2,B
10:00:48,2061.10,1,B
10:00:48,2061.10,1,B
10:00:47,2061.10,1,B
10:00:46,2061.10,2,B
10:00:45,2061.20,1,M
10:00:45,2061.30,1,M
10:00:44,2061.20,1,B
10:00:43,2061.20,3,B
10:00:43,2061.20,1,B
10:00:43,2061.20,8,B
10:00:43,2061.20,6,B
10:00:43,2061.30,1,B
10:00:43,2061.40,1,B
10:00:40,2061.50,1,B
10:00:37,2061.60,2,M
10:00:36,2061.70,1,M
10:00:36,2061.70,1,M
10:00:36,2061.60,1,M
10:00:36,2061.60,2,M
10:00:35,2061.60,1,M
10:00:35,2061.60,1,M
10:00:35,2061.60,1,M
10:00:35,2061.60,1,M
10:00:35,2061.60,8,M
10:00:35,2061.60,1,M
10:00:34,2061.60,15,M
10:00:34,2061.60,1,M
10:00:32,2061.60,1,M
10:00:31,2061.50,1,M
10:00:30,2061.50,5,M
10:00:30,2061.50,8,M
10:00:28,2061.60,3,M
10:00:28,2061.50,1,M
10:00:27,2061.40,1,B
10:00:27,2061.60,7,M
10:00:27,2061.50,1,M
10:00:27,2061.50,1,M
10:00:26,2061.50,1,M
10:00:25,2061.50,1,M
10:00:25,2061.50,4,M
10:00:25,2061.50,1,M
10:00:25,2061.50,1,M
10:00:25,2061.50,1,M
10:00:25,2061.50,2,M
10:00:25,2061.30,20,M
10:00:24,2061.40,1,M
10:00:23,2061.40,5,M
10:00:23,2061.40,1,M
10:00:22,2061.40,5,M
10:00:22,2061.40,1,M
10:00:21,2061.40,2,B
10:00:21,2061.40,5,B
10:00:21,2061.50,1,M
10:00:21,2061.50,1,M
10:00:20,2061.50,1,M
10:00:20,2061.50,1,M
10:00:20,2061.50,1,M
10:00:20,2061.50,1,M
10:00:20,2061.50,1,M
10:00:18,2061.40,1,B
10:00:18,2061.40,1,M
10:00:18,2061.40,1,M
10:00:17,2061.40,1,M
10:00:16,2061.30,1,M
10:00:16,2061.30,4,M
10:00:16,2061.30,1,M
10:00:16,2061.30,1,M
10:00:16,2061.30,1,M
10:00:16,2061.30,2,M
10:00:16,2061.30,25,M
10:00:16,2061.20,1,B
10:00:15,2061.30,1,M
10:00:15,2061.30,1,M
10:00:14,2061.30,1,M
10:00:14,2061.30,1,M
10:00:13,2061.10,2,B
10:00:13,2061.10,1,B
10:00:13,2061.10,1,B
10:00:13,2061.10,2,B
10:00:13,2061.10,4,B
10:00:13,2061.30,1,M
10:00:12,2061.30,1,M
10:00:12,2061.10,1,B
10:00:12,2061.30,2,M
10:00:12,2061.10,1,B
10:00:12,2061.30,1,M
10:00:12,2061.30,1,M
10:00:12,2061.30,1,M
10:00:11,2061.30,1,M
10:00:11,2061.10,1,B
10:00:10,2061.30,2,M
10:00:10,2061.30,2,M
10:00:10,2061.30,3,M
10:00:10,2061.30,1,M
10:00:10,2061.30,1,M
10:00:09,2061.10,7,B
10:00:09,2061.30,1,M
10:00:09,2061.30,1,M
10:00:09,2061.00,1,B
10:00:09,2061.30,1,M
10:00:08,2061.20,1,M
10:00:08,2061.20,1,M
10:00:08,2061.20,1,M
10:00:08,2061.20,1,M
10:00:08,2061.10,1,M
10:00:08,2061.00,1,M
10:00:08,2061.00,1,M
10:00:08,2061.00,8,M
10:00:08,2061.00,24,M
10:00:07,2061.00,4,M
10:00:07,2061.00,1,M
10:00:07,2061.00,1,M
10:00:07,2061.00,1,M
10:00:07,2060.90,5,B
10:00:06,2060.90,6,B
10:00:06,2060.90,1,B
10:00:06,2060.90,1,B
10:00:06,2061.00,1,M
10:00:06,2061.00,5,M
10:00:06,2061.00,1,M
10:00:05,2060.90,2,B
10:00:05,2060.90,1,B
10:00:05,2061.00,4,M
10:00:05,2061.00,1,M
10:00:05,2061.00,1,M
10:00:04,2060.90,1,M
10:00:04,2060.50,8,B
10:00:04,2061.00,1,M
10:00:03,2060.50,1,B
10:00:03,2060.90,1,M
10:00:03,2060.60,1,B
10:00:03,2060.60,4,B
10:00:03,2060.60,1,B
10:00:03,2060.60,1,B
10:00:03,2060.60,1,B
10:00:03,2060.60,1,B
10:00:03,2060.70,1,B
10:00:03,2060.70,1,B
10:00:03,2060.90,1,B
10:00:03,2060.90,1,B
10:00:03,2060.90,1,B
10:00:03,2060.90,1,B
10:00:03,2060.90,1,B
10:00:02,2060.90,1,B
10:00:02,2061.00,11,M
10:00:02,2061.00,1,M
10:00:02,2061.00,1,M
10:00:02,2061.00,1,M
10:00:02,2061.00,1,M
10:00:02,2061.00,1,M
10:00:02,2061.00,1,M
10:00:02,2061.00,1,M
10:00:02,2060.90,1,M
10:00:02,2060.90,1,M
10:00:02,2060.90,1,M
10:00:02,2060.90,1,M
10:00:02,2060.90,1,M
10:00:02,2060.90,1,M
10:00:02,2060.90,8,M
10:00:01,2061.00,1,M
10:00:01,2061.00,1,M
10:00:01,2061.00,1,M
10:00:01,2061.00,9,M
10:00:01,2061.00,9,M
10:00:01,2061.00,3,M
10:00:01,2060.90,1,M
10:00:01,2060.90,1,M
10:00:01,2060.90,1,M
10:00:01,2060.90,1,M
10:00:01,2060.90,1,M
10:00:01,2060.90,1,M
10:00:01,2060.90,1,M
10:00:01,2060.90,1,M
10:00:01,2060.90,1,M
10:00:01,2060.90,1,M
10:00:00,2060.90,1,M
10:00:00,2060.90,1,M
10:00:00,2060.90,1,M
10:00:00,2060.90,1,M
10:00:00,2060.90,1,M
10:00:00,2060.90,1,M
10:00:00,2060.90,2,M
10:00:00,2060.90,1,B
09:59:59,2061.00,4,M
09:59:59,2060.90,1,B
09:59:59,2061.00,1,M
09:59:59,2060.90,1,M
09:59:58,2060.90,1,M
09:59:58,2060.60,1,B
09:59:58,2060.60,1,B
09:59:58,2060.60,5,B
09:59:58,2060.60,1,B
09:59:58,2060.70,2,B
09:59:58,2061.00,1,M
09:59:57,2061.00,2,M
09:59:57,2061.00,2,M
09:59:57,2061.00,8,M
09:59:57,2061.00,1,M
09:59:57,2061.00,4,M
09:59:57,2061.00,2,M
09:59:57,2061.00,5,M
09:59:57,2061.00,1,M
09:59:57,2061.00,2,M
09:59:57,2060.90,4,M
09:59:57,2060.90,1,M
09:59:57,2060.90,4,M
09:59:57,2060.90,1,M
09:59:57,2060.90,1,M
09:59:56,2060.90,5,M
09:59:56,2060.50,15,B
09:59:56,2060.60,2,B
09:59:56,2060.60,2,B
09:59:56,2060.60,1,B
09:59:56,2060.60,1,B
09:59:56,2060.60,20,B
09:59:56,2060.60,1,B
09:59:56,2060.70,1,B
09:59:56,2060.70,1,B
09:59:56,2060.90,1,M
09:59:55,2060.60,1,B
09:59:53,2060.60,2,B
09:59:53,2060.60,5,B
09:59:53,2060.60,2,B
09:59:53,2060.60,3,B
09:59:52,2060.60,1,B
09:59:52,2061.00,2,M
09:59:52,2061.00,1,M
09:59:52,2060.60,2,B
09:59:51,2060.60,1,B
09:59:51,2060.60,1,B
09:59:51,2060.60,6,B
09:59:50,2060.60,5,B
09:59:50,2060.70,1,B
09:59:50,2060.60,1,B
09:59:49,2060.60,1,B
09:59:49,2060.60,1,B
09:59:48,2060.60,5,B
09:59:48,2060.90,1,M
09:59:48,2060.60,1,M
09:59:47,2060.50,2,B
09:59:47,2060.70,1,B
09:59:47,2060.60,1,M
09:59:47,2060.50,2,B
09:59:47,2060.50,4,B
09:59:47,2060.60,1,B
09:59:47,2060.60,5,B
09:59:47,2060.60,1,B
09:59:47,2060.60,2,B
09:59:46,2060.60,1,B
09:59:46,2060.50,2,B
09:59:45,2061.00,4,M
09:59:45,2060.90,1,M
09:59:45,2060.50,25,B
09:59:45,2060.50,1,B
09:59:44,2060.50,25,B
09:59:44,2060.60,1,B
09:59:44,2060.60,1,B
09:59:44,2060.60,1,B
09:59:44,2060.60,2,B
09:59:44,2061.00,23,M
09:59:44,2061.00,2,M
09:59:44,2061.00,5,M
09:59:44,2060.70,3,M
09:59:44,2060.70,5,M
09:59:43,2060.60,1,B
09:59:43,2060.60,1,B
09:59:43,2060.70,1,M
09:59:43,2060.60,1,B
09:59:43,2060.60,1,B
09:59:43,2060.60,10,B
09:59:43,2060.60,4,B
09:59:43,2060.60,4,B
09:59:43,2060.60,1,B
09:59:42,2060.60,3,B
09:59:42,2061.00,2,M
09:59:41,2060.60,1,B
09:59:41,2061.00,1,M
09:59:41,2060.70,1,B
09:59:41,2060.60,1,B
09:59:41,2061.10,1,M
09:59:41,2060.60,1,B
09:59:41,2060.70,1,B
09:59:41,2060.70,1,B
09:59:41,2060.60,2,B
09:59:40,2060.70,1,B
09:59:40,2060.70,1,B
09:59:40,2060.70,20,B
09:59:40,2060.70,1,B
09:59:40,2060.70,1,B
09:59:40,2060.70,8,B
09:59:40,2060.70,1,B
09:59:40,2060.70,1,B
09:59:40,2060.80,1,B
09:59:40,2060.80,2,B
09:59:40,2060.80,1,B
09:59:40,2060.80,1,B
09:59:40,2060.90,1,B
09:59:40,2060.90,1,B
09:59:40,2060.90,9,B
09:59:40,2061.00,2,B
09:59:40,2061.00,2,B
09:59:40,2061.00,1,B
09:59:40,2061.00,1,B
09:59:40,2061.00,14,B
09:59:39,2061.30,1,M
09:59:38,2061.20,3,M
09:59:37,2061.00,5,B
09:59:37,2061.00,25,B
09:59:37,2061.20,8,M
09:59:37,2061.20,1,M
09:59:37,2061.00,6,B
09:59:36,2061.20,1,M
09:59:36,2061.20,1,B
09:59:36,2061.20,2,B
09:59:36,2061.30,2,M
09:59:36,2061.20,4,B
09:59:35,2061.30,1,M
09:59:35,2061.30,1,M
09:59:34,2061.20,1,B
09:59:34,2061.20,2,B
09:59:33,2061.20,1,B
09:59:33,2061.20,1,B
09:59:33,2061.20,1,B
09:59:32,2061.20,1,B
09:59:32,2061.30,1,M
09:59:32,2061.30,9,M
09:59:31,2061.30,1,M
09:59:31,2061.10,1,M
09:59:31,2061.10,1,M
09:59:31,2061.00,5,B
09:59:30,2061.00,2,B
09:59:29,2061.00,4,B
09:59:29,2061.00,3,B
09:59:29,2061.00,1,B
09:59:29,2061.00,1,B
09:59:29,2061.00,1,B
09:59:28,2061.00,7,B
09:59:28,2061.00,1,M
09:59:28,2060.90,4,B
09:59:28,2060.90,1,B
09:59:28,2060.90,1,B
09:59:27,2060.90,4,B
09:59:27,2061.00,3,M
09:59:27,2060.90,1,B
09:59:27,2060.90,1,B
09:59:27,2060.90,1,B
09:59:27,2060.90,1,B
09:59:27,2060.90,1,B
09:59:27,2060.90,2,B
09:59:27,2060.90,3,B
09:59:27,2060.90,1,B
09:59:27,2061.00,1,M
09:59:27,2061.00,1,B
09:59:27,2061.00,1,B
09:59:27,2061.00,4,B
09:59:26,2061.00,1,B
09:59:26,2061.10,1,M
09:59:26,2061.00,2,B
09:59:26,2061.00,1,B
09:59:26,2061.00,1,B
09:59:26,2061.00,1,B
09:59:26,2061.10,1,M
09:59:25,2061.00,2,B
09:59:25,2061.00,1,B
09:59:25,2061.00,2,B
09:59:25,2061.00,1,B
09:59:25,2061.00,1,B
09:59:24,2061.00,3,B
09:59:24,2061.00,2,B
09:59:24,2061.00,1,B
09:59:24,2061.00,1,B
09:59:24,2061.00,1,B
09:59:24,2061.00,1,B
09:59:24,2061.00,1,B
09:59:24,2061.00,1,B
09:59:24,2061.10,1,M
09:59:24,2061.00,1,B
09:59:24,2061.00,1,B
09:59:24,2061.00,1,B
09:59:24,2061.00,1,B
09:59:24,2061.00,1,B
09:59:24,2061.00,1,B
09:59:24,2061.00,1,B
09:59:23,2061.10,1,M
09:59:23,2061.10,1,M
09:59:23,2061.00,1,B
09:59:23,2061.00,1,B
09:59:23,2061.00,2,B
09:59:23,2061.00,1,B
09:59:21,2061.10,1,M
09:59:21,2061.10,1,B
09:59:20,2061.10,1,B
09:59:20,2061.50,1,M
09:59:20,2061.50,5,B
09:59:20,2061.50,1,B
09:59:19,2061.50,2,M
09:59:19,2061.60,1,M
09:59:19,2061.00,1,B
09:59:19,2061.00,1,B
09:59:19,2061.00,6,B
09:59:19,2061.10,1,B
09:59:19,2061.10,1,B
09:59:19,2061.10,1,B
09:59:19,2061.10,5,B
09:59:19,2061.10,1,B
09:59:19,2061.10,1,B
09:59:19,2061.10,1,B
09:59:19,2061.10,1,B
09:59:19,2061.20,1,B
09:59:19,2061.30,1,B
09:59:19,2061.30,46,B
09:59:19,2061.40,4,B
09:59:19,2061.40,12,B
09:59:19,2061.50,1,M
09:59:18,2061.60,4,M
09:59:18,2061.50,1,M
09:59:17,2061.60,5,M
09:59:16,2061.60,1,M
09:59:15,2061.50,1,B
09:59:15,2061.60,1,M
09:59:15,2061.60,1,M
09:59:14,2061.50,2,B
09:59:13,2061.50,1,B
09:59:13,2061.50,7,B
09:59:13,2061.50,12,M
09:59:13,2061.50,1,M
09:59:13,2061.50,1,M
09:59:13,2061.50,3,M
09:59:13,2061.50,1,M
09:59:11,2061.50,1,M
09:59:11,2061.50,1,M
09:59:10,2061.30,1,B
09:59:10,2061.30,1,B
09:59:10,2061.30,1,B
09:59:10,2061.40,1,M
09:59:09,2061.30,1,B
09:59:08,2061.40,1,M
09:59:08,2061.20,9,B
09:59:08,2061.40,5,M
09:59:07,2061.40,1,M
09:59:07,2061.40,3,M
09:59:06,2061.20,3,B
09:59:06,2061.40,1,M
09:59:06,2061.20,1,B
09:59:05,2061.40,1,M
09:59:04,2061.40,1,M
09:59:04,2061.20,1,B
09:59:03,2061.40,1,M
09:59:03,2061.40,1,M
09:59:03,2061.10,1,B
09:59:03,2061.10,1,B
09:59:02,2061.30,1,M
09:59:02,2061.20,1,M
09:59:01,2061.20,2,M
09:59:01,2061.10,6,B
09:59:00,2061.20,1,M
09:59:00,2061.20,1,M
09:59:00,2061.10,14,B
09:59:00,2061.10,6,B
09:58:59,2061.10,7,B
09:58:59,2061.10,1,B
09:58:59,2061.40,5,M
09:58:58,2061.10,1,B
09:58:58,2061.20,1,M
09:58:58,2061.10,1,B
09:58:58,2061.10,2,B
09:58:57,2061.10,1,B
09:58:57,2061.10,1,B
09:58:57,2061.10,1,B
09:58:56,2061.10,1,B
09:58:56,2061.10,1,B
09:58:56,2061.40,2,M
09:58:55,2061.00,3,B
09:58:54,2061.30,1,B
09:58:54,2061.30,1,M
09:58:54,2061.00,1,B
09:58:54,2061.00,1,B
09:58:53,2061.00,1,B
09:58:53,2061.00,4,B
09:58:53,2061.00,4,B
09:58:53,2061.00,1,B
09:58:53,2061.00,3,B
09:58:53,2061.00,1,B
09:58:53,2061.00,15,B
09:58:53,2061.00,1,B
09:58:53,2061.00,1,B
09:58:53,2061.00,1,B
09:58:53,2061.00,1,B
09:58:52,2061.00,3,B
09:58:52,2061.40,1,M
09:58:52,2061.00,1,B
09:58:52,2061.00,1,B
09:58:52,2061.20,1,M
09:58:52,2061.00,1,B
09:58:52,2061.00,1,B
09:58:51,2061.00,2,B
09:58:51,2061.00,2,B
09:58:51,2061.20,5,M
09:58:51,2061.00,1,B
09:58:51,2061.00,1,B
09:58:51,2061.00,1,B
09:58:51,2061.00,1,B
09:58:51,2061.00,1,B
09:58:51,2061.00,2,B
09:58:51,2061.00,1,B
09:58:51,2061.00,3,B
09:58:51,2061.00,20,B
09:58:50,2061.00,1,B
09:58:50,2061.00,27,B
09:58:50,2061.00,4,B
09:58:50,2061.20,1,M
09:58:50,2061.00,17,B
09:58:50,2061.10,2,B
09:58:49,2061.00,2,B
09:58:49,2061.10,1,B
09:58:49,2061.00,1,B
09:58:49,2061.10,1,B
09:58:49,2061.50,1,M
09:58:49,2061.00,1,B
09:58:49,2061.00,2,B
09:58:49,2061.00,1,B
09:58:49,2061.30,2,M
09:58:49,2061.00,6,B
09:58:48,2061.00,2,B
09:58:48,2061.20,2,B
09:58:48,2061.20,1,B
09:58:48,2061.00,2,B
09:58:48,2061.00,11,B
09:58:48,2061.00,100,B
09:58:48,2061.00,100,B
09:58:48,2061.00,1,B
09:58:48,2061.00,2,B
09:58:48,2061.00,2,B
09:58:48,2061.10,5,B
09:58:48,2061.10,1,B
09:58:48,2061.10,5,B
09:58:48,2061.10,1,B
09:58:48,2061.10,1,B
09:58:48,2061.10,1,B
09:58:48,2061.10,1,B
09:58:48,2061.10,1,B
09:58:48,2061.10,20,B
09:58:48,2061.10,1,B
09:58:48,2061.10,1,B
09:58:48,2061.10,1,B
09:58:48,2061.10,1,B
09:58:48,2061.10,26,B
09:58:48,2061.20,1,B
09:58:48,2061.20,2,B
09:58:48,2061.30,37,B
09:58:48,2061.40,1,B
09:58:48,2061.40,1,B
09:58:47,2061.50,5,M
09:58:47,2061.30,3,B
09:58:47,2061.30,1,B
09:58:47,2061.30,1,B
09:58:47,2061.30,1,B
09:58:46,2061.30,2,B
09:58:46,2061.50,1,M
09:58:44,2061.30,1,B
09:58:44,2061.20,5,B
09:58:44,2061.30,1,B
09:58:43,2061.30,1,B
09:58:43,2061.60,1,M
09:58:43,2061.50,1,B
09:58:43,2061.50,1,B
09:58:43,2061.70,1,B
09:58:43,2061.80,1,M
09:58:43,2061.70,1,M
09:58:43,2061.20,1,B
09:58:43,2061.40,1,B
09:58:43,2062.00,3,M
09:58:43,2062.00,1,M
09:58:43,2061.80,1,M
09:58:43,2061.80,1,M
09:58:43,2061.80,1,M
09:58:43,2061.80,1,M
09:58:43,2061.80,1,M
09:58:43,2061.80,1,M
09:58:43,2061.70,1,M
09:58:43,2061.70,1,M
09:58:43,2061.70,6,M
09:58:43,2061.60,1,M
09:58:43,2061.60,1,M
09:58:42,2061.10,14,B
09:58:42,2061.10,2,B
09:58:42,2061.10,1,B
09:58:42,2061.10,1,B
09:58:42,2061.10,1,B
09:58:42,2061.10,1,B
09:58:42,2061.10,9,B
09:58:42,2061.20,1,B
09:58:42,2061.20,2,B
09:58:42,2061.20,12,B
09:58:42,2061.30,2,B
09:58:42,2061.30,1,B
09:58:42,2061.50,3,B
09:58:42,2061.50,2,B
09:58:41,2061.70,1,M
09:58:41,2061.70,1,M
09:58:41,2061.60,2,B
09:58:40,2061.60,1,B
09:58:39,2061.60,3,M
09:58:39,2061.60,4,M
09:58:39,2061.60,1,M
09:58:38,2061.60,2,M
09:58:36,2061.60,6,M
09:58:35,2061.50,1,B
09:58:35,2061.50,1,B
09:58:34,2061.50,2,B
09:58:34,2061.50,2,M
09:58:34,2061.50,1,M
09:58:34,2061.50,2,M
09:58:34,2061.50,8,M
09:58:34,2061.50,1,M
09:58:34,2061.50,5,M
09:58:33,2061.50,7,M
09:58:33,2061.40,1,B
09:58:31,2061.50,9,M
09:58:30,2061.40,1,B
09:58:30,2061.50,9,M
09:58:30,2061.20,1,B
09:58:30,2061.20,1,B
09:58:30,2061.20,1,B
09:58:30,2061.20,28,B
09:58:30,2061.50,4,M
09:58:30,2061.20,2,B
09:58:29,2061.20,1,B
09:58:29,2061.20,1,B
09:58:29,2061.50,1,M
09:58:29,2061.50,7,M
09:58:29,2061.30,1,M
09:58:29,2061.30,1,M
09:58:29,2061.30,11,M
09:58:29,2061.20,5,B
09:58:29,2061.20,20,B
09:58:29,2061.20,1,B
09:58:28,2061.20,1,B
09:58:28,2061.20,1,B
09:58:28,2061.20,2,B
09:58:28,2061.10,11,B
09:58:28,2061.20,1,M
09:58:28,2061.10,2,B
09:58:28,2061.10,2,B
09:58:27,2061.10,1,B
09:58:26,2061.10,1,B
09:58:26,2061.10,3,B
09:58:26,2061.20,1,B
09:58:26,2061.30,10,M
09:58:25,2061.10,11,B
09:58:25,2061.10,1,B
09:58:25,2061.10,1,B
09:58:25,2061.10,1,B
09:58:25,2061.30,5,M
09:58:25,2061.20,1,B
09:58:25,2061.20,1,B
09:58:25,2061.20,1,B
09:58:25,2061.20,1,B
09:58:25,2061.20,3,B
09:58:25,2061.20,8,B
09:58:25,2061.30,3,M
09:58:25,2061.20,1,B
09:58:24,2061.30,1,B
09:58:24,2061.30,1,B
09:58:24,2061.50,1,M
09:58:24,2061.50,1,M
09:58:23,2061.30,1,M
09:58:23,2061.20,2,B
09:58:23,2061.20,6,B
09:58:23,2061.20,1,B
09:58:23,2061.20,1,B
09:58:23,2061.20,1,B
09:58:23,2061.20,1,B
09:58:23,2061.20,1,B
09:58:23,2061.20,1,B
09:58:23,2061.20,1,B
09:58:23,2061.20,1,B
09:58:23,2061.20,1,B
09:58:23,2061.30,1,B
09:58:23,2061.30,4,B
09:58:23,2061.30,1,B
09:58:23,2061.30,1,B
09:58:23,2061.30,1,B
09:58:23,2061.30,1,B
09:58:23,2061.30,2,B
09:58:23,2061.40,2,B
09:58:23,2061.40,1,B
09:58:23,2061.40,1,B
09:58:23,2061.40,1,B
09:58:22,2061.50,1,B
09:58:22,2061.50,1,B
09:58:22,2061.50,2,B
09:58:22,2061.50,2,B
09:58:22,2061.50,13,B
09:58:22,2061.50,1,B
09:58:22,2061.50,1,B
09:58:22,2061.50,1,B
09:58:22,2061.60,2,M
09:58:21,2061.60,2,M
09:58:21,2061.50,1,B
09:58:20,2061.50,3,B
09:58:19,2061.50,2,B
09:58:19,2061.50,2,B
09:58:19,2061.50,5,B
09:58:19,2061.50,2,B
09:58:19,2061.50,4,B
09:58:19,2061.50,1,B
09:58:19,2061.50,1,B
09:58:19,2061.50,1,B
09:58:19,2061.50,2,B
09:58:19,2061.50,1,B
09:58:19,2061.50,3,B
09:58:19,2061.50,4,B
09:58:19,2061.50,1,B
09:58:19,2061.50,1,B
09:58:19,2061.60,3,M
09:58:19,2061.60,2,M
09:58:19,2061.50,1,B
09:58:19,2061.50,14,B
09:58:18,2061.50,1,B
09:58:18,2061.60,1,B
09:58:18,2061.60,1,B
09:58:18,2061.70,1,M
09:58:17,2061.80,1,B
09:58:17,2061.80,1,B
09:58:17,2061.90,10,M
09:58:17,2061.50,11,B
09:58:17,2061.60,1,B
09:58:17,2061.70,1,B
09:58:16,2061.90,1,M
09:58:16,2061.70,1,B
09:58:16,2061.60,1,B
09:58:16,2061.50,1,B
09:58:15,2061.70,1,M
09:58:15,2061.50,1,B
09:58:15,2061.60,3,B
09:58:15,2061.60,2,B
09:58:15,2061.60,1,B
09:58:15,2061.60,1,B
09:58:15,2061.60,1,B
09:58:14,2061.60,1,B
09:58:14,2061.70,1,M
09:58:13,2061.60,2,B
09:58:13,2061.90,1,M
09:58:13,2061.60,1,B
09:58:13,2061.60,6,B
09:58:12,2061.60,1,B
09:58:12,2061.60,1,B
09:58:12,2061.60,1,B
09:58:12,2061.60,2,B
09:58:12,2061.60,1,B
09:58:12,2061.60,11,B
09:58:12,2061.60,1,B
09:58:11,2061.60,10,B
09:58:11,2061.60,13,B
09:58:11,2061.60,1,B
09:58:11,2061.60,1,B
09:58:11,2061.60,1,B
09:58:11,2061.60,2,B
09:58:11,2061.60,2,B
09:58:11,2061.70,6,M
09:58:11,2061.60,8,B
09:58:11,2061.60,1,B
09:58:11,2061.60,1,B
09:58:11,2061.60,1,B
09:58:11,2061.60,1,B
09:58:09,2061.60,2,B
09:58:09,2061.60,1,B
09:58:09,2061.60,1,B
09:58:09,2061.60,1,B
09:58:09,2061.60,1,B
09:58:09,2061.60,1,B
09:58:09,2061.60,1,B
09:58:09,2061.60,1,B
09:58:09,2061.60,1,B
09:58:09,2061.60,4,B
09:58:09,2061.60,3,B
09:58:09,2061.60,2,B
09:58:09,2061.60,2,B
09:58:09,2061.60,1,B
09:58:09,2061.60,2,B
09:58:09,2061.60,3,B
09:58:09,2061.70,1,B
09:58:09,2061.70,1,M
09:58:08,2061.60,1,B
09:58:08,2061.60,4,B
09:58:08,2061.60,1,B
09:58:08,2061.70,2,B
09:58:08,2061.70,1,B
09:58:08,2061.60,6,B
09:58:08,2061.60,2,B
09:58:08,2062.40,1,M
09:58:08,2062.30,7,M
09:58:08,2062.30,1,M
09:58:08,2062.30,1,M
09:58:08,2062.30,1,M
09:58:08,2062.00,1,M
09:58:08,2061.90,9,M
09:58:08,2061.60,2,B
09:58:08,2061.60,3,B
09:58:08,2061.60,2,B
09:58:08,2061.60,3,B
09:58:08,2061.60,4,B
09:58:08,2061.60,4,B
09:58:08,2061.60,3,B
09:58:08,2061.90,1,M
09:58:08,2061.90,1,M
09:58:08,2061.90,1,M
09:58:07,2061.60,5,B
09:58:07,2061.60,3,B
09:58:07,2061.60,2,B
09:58:07,2061.60,1,B
09:58:07,2061.60,2,B
09:58:07,2061.60,1,B
09:58:07,2061.60,1,B
09:58:07,2061.60,4,B
09:58:07,2061.60,1,B
09:58:07,2061.90,3,M
09:58:07,2061.60,3,B
09:58:07,2061.60,3,B
09:58:07,2061.70,2,B
09:58:07,2061.90,2,M
09:58:06,2061.60,7,B
09:58:06,2061.80,1,B
09:58:06,2061.90,2,M
09:58:06,2061.60,1,B
09:58:06,2061.70,1,B
09:58:06,2061.70,3,B
09:58:06,2061.70,1,B
09:58:06,2061.70,1,B
09:58:06,2061.70,1,B
09:58:06,2061.80,1,B
09:58:05,2061.80,5,B
09:58:05,2061.80,1,M
09:58:05,2061.80,3,M
09:58:05,2061.70,1,B
09:58:05,2061.70,4,B
09:58:05,2061.70,1,B
09:58:05,2061.70,2,B
09:58:04,2061.70,1,B
09:58:04,2061.70,2,B
09:58:04,2061.70,3,B
09:58:03,2061.70,7,M
09:58:03,2061.60,1,B
09:58:03,2061.60,7,B
09:58:03,2061.60,1,B
09:58:03,2061.80,2,M
09:58:03,2061.80,1,M
09:58:02,2061.80,3,M
09:58:02,2061.80,1,M
09:58:02,2061.80,2,M
09:58:02,2061.80,1,M
09:58:02,2061.80,1,M
09:58:02,2061.80,10,M
09:58:02,2061.80,1,M
09:58:02,2061.80,1,M
09:58:02,2061.60,1,B
09:58:02,2061.60,11,B
09:58:02,2061.60,12,B
09:58:02,2061.60,8,B
09:58:02,2061.60,3,B
09:58:02,2061.60,1,B
09:58:02,2061.60,1,B
09:58:02,2061.60,3,B
09:58:02,2061.60,3,B
09:58:02,2061.60,4,B
09:58:02,2061.60,2,B
09:58:02,2061.60,1,B
09:58:02,2061.60,1,B
09:58:02,2061.60,2,B
09:58:02,2061.90,1,M
09:58:01,2061.60,1,B
09:58:01,2061.60,1,B
09:58:01,2061.60,1,B
09:58:01,2061.90,2,M
09:58:01,2061.90,3,M
09:58:01,2061.90,1,M
09:58:01,2061.90,1,M
09:58:01,2061.60,2,B
09:58:01,2061.60,1,B
09:58:01,2061.60,4,B
09:58:01,2061.60,7,B
09:58:01,2061.60,4,B
09:58:01,2061.60,1,B
09:58:01,2061.60,4,B
09:58:01,2061.60,2,B
09:58:01,2061.60,1,B
09:58:01,2061.60,1,B
09:58:01,2061.60,1,B
09:58:01,2061.60,2,B
09:58:01,2061.70,2,B
09:58:01,2061.70,5,B
09:58:01,2061.70,1,B
09:58:01,2061.70,4,B
09:58:01,2061.70,1,B
09:58:01,2061.70,1,B
09:58:01,2061.70,1,B
09:58:01,2061.70,1,B
09:58:01,2061.80,13,B
09:58:01,2061.80,1,B
09:58:01,2061.90,1,M
09:58:01,2061.80,1,B
09:58:01,2061.80,1,B
09:58:01,2061.80,1,B
09:58:01,2061.80,1,B
09:58:01,2061.80,1,B
09:58:01,2061.90,2,M
09:58:01,2061.80,1,B
09:58:01,2061.90,1,B
09:58:01,2061.90,1,B
09:58:01,2061.90,1,B
09:58:01,2062.00,4,B
09:58:01,2062.00,2,B
09:58:00,2062.60,10,M
09:58:00,2062.60,50,M
09:58:00,2062.50,1,M
09:58:00,2062.30,2,M
09:58:00,2062.00,16,M
09:58:00,2062.00,1,B
09:58:00,2062.00,1,B
09:58:00,2062.00,1,B
09:58:00,2062.00,2,B
09:58:00,2062.00,2,B
09:58:00,2062.00,1,B
09:58:00,2062.10,1,B
09:58:00,2062.00,2,B
09:58:00,2062.00,8,B
09:58:00,2062.00,1,B
09:58:00,2062.00,1,B
09:58:00,2062.00,1,B
09:58:00,2062.00,2,B
09:58:00,2062.00,2,B
09:58:00,2062.00,2,B
09:58:00,2062.00,3,B
09:58:00,2062.00,1,B
09:58:00,2062.00,1,B
09:58:00,2062.00,1,B
09:58:00,2062.00,1,B
09:58:00,2062.00,1,B
09:58:00,2062.00,1,B
09:58:00,2062.00,24,B
09:58:00,2062.00,30,B
09:58:00,2062.00,30,B
09:57:59,2062.00,5,B
09:57:59,2062.00,11,B
09:57:59,2062.00,14,B
09:57:59,2062.00,3,B
09:57:59,2062.30,2,B
09:57:59,2062.10,1,M
09:57:59,2062.10,1,B
09:57:59,2062.10,1,B
09:57:59,2062.10,1,B
09:57:59,2062.10,1,B
09:57:59,2062.10,1,B
09:57:59,2062.10,1,B
09:57:59,2062.10,10,B
09:57:59,2062.10,5,B
09:57:59,2062.10,1,B
09:57:59,2062.10,2,B
09:57:59,2062.10,3,B
09:57:59,2062.10,1,B
09:57:59,2062.10,1,B
09:57:58,2062.20,5,B
09:57:58,2062.20,9,B
09:57:58,2062.20,10,B
09:57:58,2062.20,2,B
09:57:58,2062.20,1,B
09:57:58,2062.20,2,B
09:57:58,2062.20,1,B
09:57:58,2062.50,21,B
09:57:58,2062.30,5,M
09:57:58,2062.30,14,M
09:57:58,2062.30,1,M
09:57:58,2062.30,1,B
09:57:58,2062.30,2,B
09:57:58,2062.40,1,B
09:57:58,2062.40,6,B
09:57:56,2062.60,2,B
09:57:56,2062.60,7,B
09:57:56,2062.70,2,B
09:57:53,2062.70,1,B
09:57:52,2063.00,8,M
09:57:52,2063.00,5,B
09:57:51,2063.10,1,M
09:57:51,2063.00,1,B
09:57:50,2063.00,1,M
09:57:50,2063.00,1,M
09:57:50,2062.90,2,M
09:57:50,2063.00,2,M
09:57:50,2063.00,1,M
09:57:50,2063.00,2,M
09:57:50,2062.60,1,B
09:57:50,2062.60,1,B
09:57:50,2062.60,1,B
09:57:50,2063.00,1,M
09:57:49,2063.00,2,M
09:57:49,2062.90,6,M
09:57:49,2062.60,5,B
09:57:48,2063.00,1,M
09:57:48,2062.80,1,M
09:57:47,2063.00,1,M
09:57:47,2063.00,12,M
09:57:47,2062.90,3,M
09:57:47,2062.90,1,M
09:57:47,2062.80,20,M
09:57:47,2062.80,2,M
09:57:47,2062.70,1,M
09:57:46,2062.80,5,M
09:57:46,2062.80,1,M
09:57:46,2062.80,1,M
09:57:46,2062.70,1,M
09:57:46,2062.70,2,M
09:57:46,2062.70,1,M
09:57:46,2062.60,5,M
09:57:46,2062.60,1,M
09:57:46,2062.60,1,M
09:57:45,2062.20,2,B
09:57:43,2062.60,1,M
09:57:42,2062.30,1,B
09:57:42,2062.20,6,B
09:57:42,2062.30,2,B
09:57:42,2062.30,2,B
09:57:42,2062.20,2,B
09:57:42,2062.30,1,B
09:57:42,2062.30,1,B
09:57:42,2062.30,1,B
09:57:42,2062.30,1,B
09:57:41,2062.40,1,B
09:57:41,2062.80,1,M
09:57:40,2063.00,6,M
09:57:40,2062.90,1,M
09:57:40,2062.90,1,M
09:57:40,2062.80,5,M
09:57:40,2062.80,1,M
09:57:40,2062.80,11,M
09:57:40,2062.70,3,M
09:57:40,2062.60,1,M
09:57:40,2062.50,3,M
09:57:40,2062.50,2,M
09:57:40,2062.50,1,M
09:57:40,2062.50,1,M
09:57:40,2062.20,5,M
09:57:40,2062.20,5,M
09:57:40,2062.20,4,M
09:57:40,2062.10,1,B
09:57:40,2062.10,6,M
09:57:39,2062.00,20,B
09:57:39,2062.00,9,B
09:57:39,2062.10,1,B
09:57:38,2062.20,1,B
09:57:38,2062.40,1,M
09:57:38,2062.00,30,B
09:57:38,2062.10,14,B
09:57:38,2062.10,3,B
09:57:38,2062.10,2,B
09:57:38,2062.10,1,B
09:57:37,2062.00,9,B
09:57:37,2062.10,1,B
09:57:37,2062.10,1,B
09:57:37,2062.10,2,B
09:57:37,2062.10,1,B
09:57:37,2062.10,1,B
09:57:37,2062.20,1,B
09:57:37,2062.20,3,B
09:57:37,2062.20,1,B
09:57:37,2062.20,2,B
09:57:37,2062.30,3,B
09:57:37,2062.30,1,B
09:57:37,2062.30,1,B
09:57:37,2062.40,4,B
09:57:37,2062.40,1,B
09:57:37,2062.50,1,B
09:57:36,2062.50,4,B
09:57:36,2062.30,2,B
09:57:36,2062.40,1,B
09:57:36,2062.40,1,B
09:57:36,2062.40,1,B
09:57:36,2062.60,5,B
09:57:35,2062.60,2,B
09:57:35,2062.50,1,B
09:57:35,2062.50,1,B
09:57:35,2063.00,2,B
09:57:35,2063.00,1,M
09:57:35,2063.00,1,M
09:57:35,2063.00,1,M
09:57:35,2063.00,1,M
09:57:35,2063.00,1,M
09:57:35,2063.00,2,M
09:57:35,2063.00,3,M
09:57:35,2063.00,2,M
09:57:35,2063.00,1,M
09:57:35,2063.00,2,M
09:57:35,2063.00,1,M
09:57:35,2063.00,1,M
09:57:35,2063.00,20,M
09:57:35,2063.00,5,M
09:57:35,2062.90,2,M
09:57:35,2062.90,3,M
09:57:35,2062.80,1,M
09:57:34,2062.40,1,B
09:57:33,2063.00,1,M
09:57:33,2063.00,5,M
09:57:33,2063.00,1,M
09:57:33,2062.90,9,M
09:57:33,2062.90,1,M
09:57:33,2062.90,1,M
09:57:33,2062.90,1,M
09:57:33,2062.90,1,M
09:57:33,2062.90,2,M
09:57:33,2062.90,3,M
09:57:33,2062.90,2,M
09:57:33,2062.90,10,M
09:57:33,2062.80,1,M
09:57:33,2062.80,1,M
09:57:33,2062.70,2,M
09:57:33,2062.40,7,M
09:57:33,2062.40,2,M
09:57:33,2062.30,1,B
09:57:33,2062.30,1,B
09:57:33,2062.30,1,B
09:57:32,2062.30,8,B
09:57:32,2062.30,1,B
09:57:32,2062.40,1,B
09:57:32,2062.40,1,B
09:57:31,2062.00,5,B
09:57:31,2062.10,1,B
09:57:31,2062.10,1,B
09:57:31,2062.10,1,B
09:57:31,2062.10,5,B
09:57:31,2062.10,1,B
09:57:31,2062.10,1,B
09:57:31,2062.20,1,B
09:57:31,2062.20,2,B
09:57:31,2062.20,10,B
09:57:31,2062.30,1,B
09:57:31,2062.30,1,B
09:57:31,2062.30,1,B
09:57:31,2062.40,2,B
09:57:31,2062.30,1,B
09:57:31,2062.30,1,B
09:57:31,2063.00,2,M
09:57:31,2063.00,18,M
09:57:31,2062.80,25,M
09:57:31,2062.70,1,M
09:57:31,2062.70,1,M
09:57:31,2062.70,1,M
09:57:31,2062.70,1,M
09:57:31,2062.50,1,M
09:57:30,2062.10,1,B
09:57:30,2062.30,1,B
09:57:30,2062.10,1,B
09:57:29,2062.30,1,B
09:57:29,2062.40,1,B
09:57:28,2062.10,1,B
09:57:28,2062.10,1,B
09:57:28,2062.20,1,B
09:57:28,2062.20,3,B
09:57:28,2062.20,10,B
09:57:28,2062.20,1,B
09:57:28,2062.30,1,B
09:57:28,2062.30,2,B
09:57:28,2062.80,10,M
09:57:28,2062.50,2,M
09:57:28,2062.40,13,M
09:57:28,2062.30,1,B
09:57:28,2062.40,1,M
09:57:28,2062.30,3,B
09:57:28,2062.30,1,B
09:57:28,2062.40,1,B
09:57:28,2062.40,1,B
09:57:28,2062.40,1,B
09:57:28,2062.40,3,B
09:57:28,2062.40,2,B
09:57:28,2062.40,1,B
09:57:28,2062.40,9,B
09:57:28,2062.40,1,B
09:57:28,2062.40,7,B
09:57:27,2062.40,1,B
09:57:27,2062.40,2,B
09:57:27,2062.50,1,B
09:57:27,2062.50,1,B
09:57:27,2062.50,1,B
09:57:27,2062.50,1,B
09:57:27,2062.50,3,B
09:57:27,2062.50,2,B
09:57:27,2062.50,1,B
09:57:26,2062.50,2,B
09:57:26,2062.50,8,B
09:57:26,2062.50,5,B
09:57:26,2062.50,1,B
09:57:24,2062.50,11,B
09:57:24,2062.60,4,B
09:57:24,2062.70,4,B
09:57:24,2062.70,25,B
09:57:24,2062.70,1,B
09:57:24,2062.80,5,B
09:57:24,2062.90,1,M
09:57:24,2062.90,5,M
09:57:22,2063.00,3,M
09:57:21,2062.70,1,B
09:57:21,2062.80,3,B
09:57:21,2063.00,4,M
09:57:21,2063.00,5,M
09:57:21,2063.00,5,M
09:57:21,2063.00,1,M
09:57:19,2063.00,1,M
09:57:19,2063.00,1,M
09:57:19,2063.00,1,M
09:57:19,2062.80,1,B
09:57:18,2063.00,8,M
09:57:17,2063.00,8,M
09:57:16,2063.00,1,M
09:57:16,2062.80,5,B
09:57:16,2062.80,5,B
09:57:15,2062.80,1,M
09:57:14,2063.00,2,M
09:57:14,2063.00,1,M
09:57:14,2063.00,1,M
09:57:14,2063.00,3,M
09:57:14,2062.90,1,M
09:57:14,2062.90,1,M
09:57:14,2062.90,1,M
09:57:14,2062.50,1,B
09:57:14,2062.80,1,B
09:57:14,2062.80,1,B
09:57:14,2062.80,1,B
09:57:14,2062.90,1,M
09:57:14,2062.80,1,M
09:57:14,2062.50,2,B
09:57:14,2062.70,2,B
09:57:14,2062.70,1,B
09:57:14,2062.70,2,B
09:57:14,2062.70,1,B
09:57:13,2062.80,1,M
09:57:13,2062.70,1,B
09:57:13,2062.70,1,B
09:57:13,2062.70,1,B
09:57:13,2062.70,1,B
09:57:11,2062.80,1,M
09:57:10,2062.70,1,B
09:57:10,2062.90,6,M
09:57:09,2062.90,2,M
09:57:09,2062.80,3,M
09:57:05,2062.80,1,B
09:57:05,2062.90,2,M
09:57:04,2062.70,1,B
09:57:01,2062.50,2,B
09:57:01,2062.50,2,B
09:57:01,2062.50,2,B
09:57:01,2062.50,2,B
09:57:01,2062.50,1,B
09:57:01,2062.50,1,B
09:57:01,2062.50,2,B
09:57:01,2062.60,1,B
09:57:01,2062.60,2,B
09:57:01,2062.60,1,B
09:57:01,2062.60,1,B
09:57:01,2062.60,1,B
09:57:01,2062.70,1,B
09:57:01,2062.70,1,B
09:57:00,2062.70,1,B
09:57:00,2062.70,1,B
09:57:00,2062.70,1,B
09:57:00,2062.80,1,B
09:57:00,2062.80,1,M
09:56:59,2062.70,1,B
09:56:59,2062.80,7,B
09:56:58,2062.90,3,M
09:56:58,2062.90,1,M
09:56:58,2062.90,1,M
09:56:55,2062.70,1,B
09:56:54,2062.90,1,M
09:56:54,2062.90,1,M
09:56:54,2062.90,2,M
09:56:52,2062.90,1,M
09:56:52,2062.60,18,B
09:56:52,2062.70,1,B
09:56:52,2062.70,1,B
09:56:52,2062.90,1,M
09:56:51,2062.90,1,M
09:56:51,2062.70,1,B
09:56:51,2062.80,1,B
09:56:50,2062.60,1,B
09:56:50,2062.60,3,B
09:56:50,2062.70,1,B
09:56:49,2063.00,9,M
09:56:49,2063.00,2,M
09:56:48,2063.00,1,M
09:56:48,2063.00,5,M
09:56:48,2063.00,2,M
09:56:48,2063.00,3,M
09:56:48,2063.00,1,M
09:56:47,2063.00,25,M
09:56:47,2063.00,1,M
09:56:46,2062.60,1,B
09:56:46,2062.60,1,B
09:56:45,2063.00,2,M
09:56:44,2063.00,2,M
09:56:43,2062.90,1,M
09:56:43,2062.80,1,M
09:56:43,2062.80,4,M
09:56:42,2063.00,3,M
09:56:42,2063.00,1,M
09:56:42,2063.00,4,M
09:56:42,2063.00,2,M
09:56:42,2063.00,2,M
09:56:42,2063.00,3,M
09:56:42,2063.00,1,M
09:56:42,2063.00,2,M
09:56:42,2063.00,1,M
09:56:42,2063.00,1,M
09:56:42,2063.00,1,M
09:56:42,2062.90,12,M
09:56:42,2062.90,4,M
09:56:42,2062.90,2,M
09:56:41,2062.90,6,B
09:56:41,2062.90,1,M
09:56:41,2062.40,7,B
09:56:41,2062.50,1,B
09:56:41,2062.50,2,B
09:56:41,2062.50,2,B
09:56:41,2062.50,1,B
09:56:41,2062.50,12,B
09:56:41,2062.60,1,B
09:56:41,2062.60,1,B
09:56:41,2062.70,1,B
09:56:41,2062.70,1,B
09:56:41,2062.80,1,B
09:56:40,2062.90,2,M
09:56:40,2062.90,1,M
09:56:39,2062.80,1,M
09:56:39,2062.70,1,B
09:56:39,2062.90,2,M
09:56:38,2062.80,1,M
09:56:38,2062.80,1,M
09:56:38,2062.80,1,B
09:56:38,2062.90,1,M
09:56:38,2062.90,2,M
09:56:38,2062.80,1,B
09:56:38,2062.80,1,B
09:56:37,2062.80,2,B
09:56:36,2062.90,1,M
09:56:36,2062.80,1,B
09:56:34,2062.90,2,M
09:56:34,2062.90,2,M
09:56:34,2062.80,1,M
09:56:33,2062.80,1,M
09:56:33,2062.80,3,M
09:56:33,2062.70,1,B
09:56:32,2062.80,1,M
09:56:31,2062.70,1,B
09:56:31,2062.70,1,B
09:56:30,2062.80,2,M
09:56:30,2062.80,27,M
09:56:30,2062.70,1,M
09:56:29,2062.70,2,M
09:56:29,2062.70,3,M
09:56:29,2062.70,2,M
09:56:29,2062.70,2,M
09:56:29,2062.60,4,M
09:56:29,2062.40,10,B
09:56:28,2062.60,1,M
09:56:28,2062.50,1,M
09:56:28,2062.50,1,M
09:56:27,2062.40,1,B
09:56:27,2062.70,1,M
09:56:27,2062.70,1,M
09:56:27,2062.40,1,B
09:56:27,2062.40,1,B
09:56:26,2062.70,3,M
09:56:26,2062.70,1,M
09:56:26,2062.70,2,M
09:56:26,2062.20,2,B
09:56:26,2062.50,1,M
09:56:26,2062.20,1,B
09:56:26,2062.50,1,B
09:56:26,2062.50,1,B
09:56:26,2062.70,1,M
09:56:26,2062.60,1,M
09:56:25,2062.20,1,B
09:56:25,2062.20,1,B
09:56:25,2062.20,1,B
09:56:25,2062.20,1,B
09:56:25,2062.20,5,B
09:56:25,2062.20,1,B
09:56:25,2062.20,1,B
09:56:25,2062.20,16,B
09:56:25,2062.30,7,B
09:56:25,2062.30,4,B
09:56:25,2062.30,5,B
09:56:25,2062.50,1,B
09:56:25,2062.30,4,B
09:56:25,2062.40,1,B
09:56:25,2062.40,1,B
09:56:25,2062.40,1,B
09:56:25,2062.50,1,B
09:56:24,2062.70,2,M
09:56:23,2062.70,6,M
09:56:23,2062.40,5,B
09:56:23,2062.40,3,B
09:56:23,2062.50,1,B
09:56:23,2062.70,38,B
09:56:23,2062.70,2,B
09:56:23,2062.70,4,B
09:56:22,2062.70,4,B
09:56:22,2062.70,2,B
09:56:22,2062.80,1,M
09:56:21,2062.40,2,B
09:56:21,2062.40,1,B
09:56:21,2062.40,1,B
09:56:21,2062.50,1,B
09:56:21,2062.80,1,M
09:56:20,2062.80,1,B
09:56:20,2062.30,1,B
09:56:20,2062.80,1,B
09:56:20,2063.00,2,M
09:56:20,2062.80,19,B
09:56:20,2062.90,1,B
09:56:20,2062.90,1,B
09:56:20,2062.90,1,B
09:56:20,2062.90,1,M
09:56:20,2062.80,2,M
09:56:20,2062.60,1,M
09:56:20,2062.60,2,M
09:56:19,2062.30,2,B
09:56:19,2062.30,2,B
09:56:19,2062.40,1,B
09:56:19,2062.40,2,M
09:56:19,2062.40,1,M
09:56:19,2062.30,8,B
09:56:19,2062.40,2,M
09:56:19,2062.30,2,B
09:56:19,2062.40,1,M
09:56:19,2062.40,1,M
09:56:19,2062.40,1,M
09:56:19,2062.30,1,B
09:56:19,2062.40,1,M
09:56:19,2062.40,1,M
09:56:18,2062.20,6,B
09:56:18,2062.30,2,B
09:56:18,2062.30,2,B
09:56:18,2062.80,1,M
09:56:18,2062.70,2,M
09:56:18,2062.70,1,M
09:56:18,2062.70,1,M
09:56:18,2062.80,7,M
09:56:18,2062.60,2,M
09:56:18,2062.60,1,M
09:56:18,2062.60,1,M
09:56:18,2062.60,2,M
09:56:18,2062.50,2,M
09:56:18,2062.20,3,B
09:56:18,2062.20,5,B
09:56:18,2062.00,1,B
09:56:18,2062.00,1,B
09:56:18,2062.00,1,B
09:56:18,2062.00,6,B
09:56:18,2062.10,2,B
09:56:18,2062.10,2,B
09:56:18,2062.10,2,B
09:56:18,2062.10,3,B
09:56:18,2062.10,1,B
09:56:18,2062.40,1,M
09:56:17,2062.10,5,B
09:56:17,2062.10,1,B
09:56:17,2062.00,1,B
09:56:17,2062.00,2,B
09:56:17,2062.00,97,B
09:56:17,2062.10,1,B
09:56:17,2062.10,1,B
09:56:17,2062.10,1,B
09:56:17,2062.10,1,B
09:56:17,2062.10,5,B
09:56:17,2062.10,1,B
09:56:17,2062.10,1,B
09:56:17,2062.10,1,B
09:56:17,2062.10,1,B
09:56:17,2062.10,7,B
09:56:17,2062.10,3,B
09:56:17,2062.10,2,B
09:56:17,2062.10,2,B
09:56:17,2062.10,1,B
09:56:17,2062.10,1,B
09:56:17,2062.20,30,B
09:56:17,2062.20,10,B
09:56:17,2062.20,1,B
09:56:17,2062.20,1,B
09:56:17,2062.20,1,B
09:56:17,2062.20,1,B
09:56:17,2062.20,1,B
09:56:17,2062.20,1,B
09:56:17,2062.20,1,B
09:56:17,2062.30,1,B
09:56:17,2062.40,1,B
09:56:17,2062.50,1,B
