Time,Price,Volume,Side
09:31:52,1926.20,1,B
09:31:52,1926.30,2,B
09:31:52,1926.30,1,B
09:31:52,1926.50,5,B
09:31:51,1926.60,1,M
09:31:51,1926.20,1,B
09:31:50,1926.30,1,B
09:31:50,1926.30,1,B
09:31:50,1926.60,8,B
09:31:50,1926.60,10,B
09:31:50,1926.60,1,B
09:31:50,1926.60,1,M
09:31:49,1926.30,1,B
09:31:49,1926.30,2,B
09:31:49,1926.20,2,B
09:31:49,1926.30,1,B
09:31:49,1926.30,1,B
09:31:49,1926.30,1,B
09:31:49,1926.70,1,M
09:31:48,1926.70,1,M
09:31:48,1926.70,1,M
09:31:48,1926.20,3,B
09:31:48,1926.20,1,B
09:31:48,1926.20,1,B
09:31:48,1926.20,1,B
09:31:48,1926.30,3,B
09:31:48,1926.30,1,B
09:31:48,1926.60,4,B
09:31:48,1926.30,1,B
09:31:48,1926.30,1,B
09:31:48,1926.30,1,B
09:31:48,1926.30,2,B
09:31:48,1926.40,5,B
09:31:48,1926.40,2,B
09:31:48,1926.40,1,B
09:31:48,1926.50,2,B
09:31:48,1926.50,4,B
09:31:47,1926.50,1,B
09:31:47,1926.50,1,B
09:31:47,1926.50,1,B
09:31:47,1926.50,1,B
09:31:47,1926.50,1,B
09:31:47,1926.50,3,B
09:31:47,1926.60,1,B
09:31:47,1926.70,1,B
09:31:47,1926.60,1,B
09:31:47,1926.70,1,M
09:31:46,1926.60,1,B
09:31:46,1926.60,1,B
09:31:45,1926.60,1,B
09:31:45,1926.60,1,B
09:31:44,1926.60,1,B
09:31:44,1926.60,1,B
09:31:44,1926.70,1,B
09:31:43,1926.80,4,M
09:31:43,1926.80,1,M
09:31:43,1926.70,1,B
09:31:43,1926.70,1,B
09:31:43,1926.70,1,B
09:31:43,1926.80,1,B
09:31:43,1926.80,1,B
09:31:43,1926.80,1,B
09:31:43,1926.80,8,B
09:31:43,1926.80,4,B
09:31:43,1926.80,25,B
09:31:43,1926.80,1,B
09:31:42,1926.80,1,B
09:31:42,1926.80,2,B
09:31:42,1926.90,1,M
09:31:41,1926.80,5,B
09:31:41,1926.80,1,B
09:31:41,1926.80,1,B
09:31:40,1926.80,15,B
09:31:39,1926.80,1,B
09:31:39,1926.80,20,B
09:31:38,1927.00,1,M
09:31:38,1927.00,1,M
09:31:38,1926.80,16,B
09:31:38,1926.80,1,B
09:31:38,1926.80,3,B
09:31:37,1927.00,1,M
09:31:37,1926.80,7,B
09:31:37,1926.90,2,B
09:31:37,1926.90,8,B
09:31:36,1927.00,1,M
09:31:36,1927.00,1,M
09:31:35,1927.00,1,M
09:31:34,1927.00,2,B
09:31:34,1927.00,6,B
09:31:34,1927.00,1,B
09:31:34,1927.00,1,B
09:31:34,1927.00,2,B
09:31:34,1927.00,1,B
09:31:34,1927.00,4,B
09:31:34,1927.00,1,B
09:31:34,1927.00,5,B
09:31:34,1927.00,4,B
09:31:33,1927.00,11,B
09:31:32,1927.00,2,B
09:31:32,1927.00,1,B
09:31:32,1927.00,2,B
09:31:32,1927.00,2,B
09:31:32,1927.00,4,B
09:31:31,1927.00,1,B
09:31:30,1927.00,2,B
09:31:30,1927.00,4,B
09:31:29,1927.00,4,B
09:31:29,1927.00,4,B
09:31:28,1927.00,1,B
09:31:28,1927.00,1,B
09:31:27,1927.00,1,B
09:31:27,1927.00,1,B
09:31:27,1927.00,4,B
09:31:27,1927.00,1,B
09:31:27,1927.00,3,B
09:31:26,1927.00,1,B
09:31:25,1927.10,1,B
09:31:25,1927.10,1,B
09:31:23,1927.40,1,M
09:31:23,1927.40,1,M
09:31:23,1927.10,1,B
09:31:23,1927.10,1,B
09:31:23,1927.10,1,B
09:31:23,1927.30,1,B
09:31:22,1927.40,1,M
09:31:22,1927.10,1,B
09:31:22,1927.00,10,B
09:31:22,1927.00,13,B
09:31:22,1927.00,2,B
09:31:22,1927.10,1,B
09:31:22,1927.10,1,B
09:31:22,1927.10,3,B
09:31:21,1927.10,1,B
09:31:20,1927.50,1,M
09:31:20,1927.10,1,B
09:31:19,1927.10,3,B
09:31:19,1927.10,1,B
09:31:19,1927.10,2,B
09:31:19,1927.10,3,B
09:31:19,1927.10,1,B
09:31:19,1927.10,1,B
09:31:19,1927.10,1,B
09:31:19,1927.10,1,B
09:31:19,1927.20,1,B
09:31:19,1927.20,1,B
09:31:19,1927.20,1,B
09:31:19,1927.20,3,B
09:31:18,1927.20,1,B
09:31:18,1927.30,1,B
09:31:18,1927.30,4,B
09:31:18,1927.40,1,B
09:31:18,1927.40,1,B
09:31:18,1927.40,2,B
09:31:18,1927.60,6,M
09:31:18,1927.60,1,M
09:31:18,1927.60,3,M
09:31:18,1927.60,1,M
09:31:17,1927.50,1,B
09:31:15,1927.60,2,M
09:31:14,1927.60,2,M
09:31:13,1927.60,1,M
09:31:11,1927.60,2,M
09:31:11,1927.60,1,M
09:31:10,1927.60,2,M
09:31:10,1927.30,1,B
09:31:10,1927.40,1,B
09:31:10,1927.40,2,B
09:31:08,1927.60,1,M
09:31:08,1927.40,1,B
09:31:07,1927.40,30,B
09:31:07,1927.40,1,B
09:31:07,1927.40,2,B
09:31:06,1927.70,1,M
09:31:06,1927.40,1,B
09:31:06,1927.40,1,B
09:31:06,1927.40,20,B
09:31:06,1927.40,2,B
09:31:05,1927.70,4,M
09:31:05,1927.60,1,M
09:31:04,1927.70,1,M
09:31:04,1927.60,1,M
09:31:04,1927.40,24,B
09:31:04,1927.40,9,B
09:31:04,1927.40,3,B
09:31:04,1927.50,3,B
09:31:04,1927.50,1,B
09:31:04,1927.50,15,B
09:31:04,1927.50,4,B
09:31:04,1927.50,2,B
09:31:04,1927.50,1,B
09:31:04,1927.50,1,B
09:31:04,1927.60,1,B
09:31:04,1927.60,5,B
09:31:04,1927.60,2,B
09:31:04,1927.60,2,B
09:31:04,1927.60,2,B
09:31:04,1927.60,18,B
09:31:03,1927.60,1,B
09:31:03,1927.80,20,M
09:31:03,1927.80,20,M
09:31:03,1927.60,12,B
09:31:03,1927.70,1,B
09:31:03,1927.70,1,B
09:31:03,1927.80,1,B
09:31:03,1927.80,1,B
09:31:03,1927.80,10,B
09:31:03,1927.80,1,B
09:31:03,1927.80,3,B
09:31:02,1927.80,2,B
09:31:02,1927.80,22,B
09:31:02,1927.90,2,M
09:31:02,1927.90,1,M
09:31:02,1927.80,20,B
09:31:02,1927.80,20,B
09:31:01,1927.90,1,M
09:31:00,1928.00,2,M
09:30:59,1928.00,1,M
09:30:58,1928.00,1,M
09:30:57,1928.00,1,M
09:30:57,1928.00,1,M
09:30:56,1928.00,1,M
09:30:54,1928.00,1,M
09:30:54,1928.00,1,M
09:30:54,1928.00,1,M
09:30:54,1928.00,1,M
09:30:54,1928.00,1,M
09:30:52,1928.00,1,M
09:30:52,1928.00,1,M
09:30:52,1928.00,1,M
09:30:52,1928.00,2,M
09:30:52,1928.00,1,M
09:30:52,1928.00,3,M
09:30:52,1928.00,1,M
09:30:52,1928.00,2,M
09:30:50,1928.00,1,M
09:30:50,1928.00,1,M
09:30:50,1927.90,9,B
09:30:50,1927.90,1,B
09:30:49,1928.00,1,M
09:30:49,1928.00,1,M
09:30:49,1928.00,1,M
09:30:49,1928.00,1,M
09:30:49,1928.00,1,M
09:30:49,1928.00,1,M
09:30:49,1928.00,1,M
09:30:49,1928.00,11,M
09:30:49,1928.00,2,M
09:30:49,1928.00,1,M
09:30:49,1928.00,9,M
09:30:48,1928.00,2,M
09:30:48,1928.00,1,M
09:30:48,1928.00,2,M
09:30:48,1927.80,10,B
09:30:48,1928.00,1,M
09:30:48,1928.00,4,M
09:30:48,1928.00,2,M
09:30:48,1928.00,1,M
09:30:48,1928.00,1,M
09:30:48,1928.00,2,M
09:30:48,1927.90,1,M
09:30:48,1928.00,3,M
09:30:48,1928.00,5,M
09:30:48,1927.90,1,M
09:30:48,1927.90,1,M
09:30:48,1927.90,2,M
09:30:48,1927.90,1,M
09:30:48,1927.90,17,M
09:30:47,1927.90,2,M
09:30:47,1927.80,5,B
09:30:46,1927.80,1,M
09:30:46,1927.80,1,M
09:30:46,1927.80,2,M
09:30:46,1927.80,10,M
09:30:46,1927.80,3,M
09:30:46,1927.80,1,M
09:30:44,1927.80,3,B
09:30:43,1927.80,10,M
09:30:43,1927.80,5,M
09:30:43,1927.80,1,M
09:30:43,1927.80,1,M
09:30:42,1927.80,1,M
09:30:41,1927.60,19,B
09:30:41,1927.60,1,B
09:30:41,1927.60,1,B
09:30:41,1927.60,1,B
09:30:41,1927.60,1,B
09:30:41,1927.70,10,B
09:30:41,1927.70,10,B
09:30:41,1927.70,10,B
09:30:41,1927.70,10,B
09:30:41,1927.70,5,B
09:30:41,1927.70,10,B
09:30:41,1927.70,4,B
09:30:41,1927.70,10,B
09:30:41,1927.70,2,B
09:30:41,1927.70,2,B
09:30:41,1927.70,1,B
09:30:41,1927.80,1,B
09:30:41,1927.80,2,B
09:30:41,1927.80,1,M
09:30:41,1927.80,1,M
09:30:41,1927.80,1,M
09:30:41,1927.80,1,M
09:30:40,1927.80,1,M
09:30:40,1927.80,3,M
09:30:39,1927.80,2,M
09:30:39,1927.80,2,M
09:30:39,1927.70,4,B
09:30:39,1927.80,1,B
09:30:39,1927.90,3,M
09:30:39,1927.90,1,M
09:30:39,1927.80,2,M
09:30:39,1927.80,1,M
09:30:39,1927.80,1,M
09:30:38,1927.80,1,M
09:30:38,1927.80,1,M
09:30:38,1927.80,2,M
09:30:37,1927.80,1,M
09:30:37,1927.80,2,M
09:30:37,1927.80,1,B
09:30:37,1927.80,1,B
09:30:37,1927.90,2,M
09:30:36,1927.90,10,M
09:30:36,1927.70,1,B
09:30:36,1927.90,2,M
09:30:36,1927.90,5,M
09:30:36,1927.90,5,M
09:30:36,1927.80,5,M
09:30:35,1927.80,2,M
09:30:35,1927.80,1,M
09:30:35,1927.80,1,M
09:30:34,1927.80,1,B
09:30:34,1927.90,15,M
09:30:34,1927.90,1,M
09:30:34,1927.80,1,M
09:30:34,1927.80,3,M
09:30:33,1927.80,1,M
09:30:33,1927.80,1,B
09:30:33,1927.90,5,M
09:30:33,1927.80,1,M
09:30:33,1927.70,7,B
09:30:33,1927.70,1,B
09:30:33,1927.70,2,B
09:30:32,1927.80,1,M
09:30:31,1927.80,2,M
09:30:31,1927.80,6,B
09:30:30,1927.90,1,M
09:30:30,1927.80,9,M
09:30:30,1927.80,1,M
09:30:29,1927.70,1,B
09:30:29,1927.80,2,B
09:30:29,1927.90,10,M
09:30:29,1927.90,10,M
09:30:29,1927.90,1,M
09:30:28,1927.90,1,M
09:30:28,1927.90,1,M
09:30:28,1927.90,3,M
09:30:28,1927.80,1,M
09:30:27,1927.90,15,M
09:30:27,1927.80,5,M
09:30:26,1927.90,6,M
09:30:26,1927.80,1,B
09:30:26,1927.80,2,B
09:30:25,1927.80,1,M
09:30:25,1927.80,1,M
09:30:25,1927.80,1,M
09:30:25,1927.80,1,M
09:30:25,1927.80,1,M
09:30:23,1927.70,1,B
09:30:23,1927.80,2,M
09:30:23,1927.70,1,B
09:30:23,1927.70,1,B
09:30:23,1927.70,1,B
09:30:23,1927.70,1,B
09:30:23,1927.70,1,B
09:30:23,1927.80,2,M
09:30:23,1927.70,1,B
09:30:22,1927.80,1,M
09:30:22,1927.80,20,M
09:30:21,1927.70,2,B
09:30:21,1927.80,6,M
09:30:21,1927.80,1,M
09:30:21,1927.80,1,M
09:30:21,1927.70,2,B
09:30:21,1927.80,2,M
09:30:20,1927.80,1,M
09:30:20,1927.80,1,M
09:30:19,1927.90,3,M
09:30:19,1927.90,10,M
09:30:19,1927.90,2,M
09:30:19,1927.90,1,M
09:30:19,1927.90,1,M
09:30:19,1927.90,1,M
09:30:19,1927.90,1,M
09:30:18,1927.80,1,B
09:30:18,1927.80,1,M
09:30:18,1927.80,2,M
09:30:18,1927.80,2,M
09:30:17,1927.70,2,B
09:30:17,1927.70,1,B
09:30:17,1927.80,1,M
09:30:17,1927.80,1,M
09:30:17,1927.80,1,M
09:30:17,1927.80,1,M
09:30:17,1927.80,5,M
09:30:16,1927.80,2,M
09:30:16,1927.80,1,M
09:30:16,1927.60,2,B
09:30:16,1927.60,1,B
09:30:16,1927.60,34,B
09:30:16,1927.70,3,B
09:30:15,1927.80,3,M
09:30:15,1927.80,1,M
09:30:15,1927.80,2,M
09:30:15,1927.80,2,M
09:30:15,1927.80,1,M
09:30:15,1927.80,1,M
09:30:15,1927.70,2,M
09:30:15,1927.70,6,M
09:30:15,1927.70,1,M
09:30:15,1927.60,1,B
09:30:14,1927.70,2,M
09:30:14,1927.70,2,M
09:30:14,1927.70,2,M
09:30:14,1927.70,1,M
09:30:13,1927.70,1,M
09:30:13,1927.70,1,M
09:30:13,1927.70,1,M
09:30:13,1927.60,1,M
09:30:12,1927.60,1,M
09:30:12,1927.60,1,M
09:30:12,1927.60,4,M
09:30:12,1927.60,2,M
09:30:12,1927.60,2,M
09:30:12,1927.60,2,M
09:30:12,1927.60,4,M
09:30:11,1927.60,2,M
09:30:11,1927.60,1,M
09:30:11,1927.60,2,M
09:30:11,1927.60,9,M
09:30:11,1927.60,1,M
09:30:11,1927.50,2,B
09:30:11,1927.50,1,B
09:30:11,1927.50,1,B
09:30:10,1927.60,1,M
09:30:10,1927.60,1,M
09:30:10,1927.60,1,M
09:30:10,1927.50,2,M
09:30:10,1927.50,2,M
09:30:10,1927.50,2,M
09:30:10,1927.50,1,M
09:30:10,1927.50,1,M
09:30:10,1927.50,1,M
09:30:10,1927.50,1,M
09:30:10,1927.50,1,M
09:30:10,1927.50,1,M
09:30:10,1927.50,1,M
09:30:10,1927.50,1,M
09:30:10,1927.50,2,M
09:30:09,1927.50,2,M
09:30:09,1927.40,2,B
09:30:08,1927.40,1,M
09:30:08,1927.40,2,M
09:30:08,1927.40,2,M
09:30:08,1927.40,3,M
09:30:08,1927.40,2,M
09:30:07,1927.40,1,M
09:30:07,1927.40,2,M
09:30:06,1927.40,1,M
09:30:06,1927.20,1,B
09:30:06,1927.40,1,M
09:30:06,1927.20,1,B
09:30:06,1927.20,3,B
09:30:06,1927.40,1,M
09:30:06,1927.40,1,M
09:30:05,1927.40,3,M
09:30:04,1927.20,1,B
09:30:04,1927.40,3,M
09:30:03,1927.40,1,M
09:30:02,1927.20,1,B
09:30:02,1927.40,1,M
09:30:02,1927.20,2,B
09:30:01,1927.40,4,M
09:30:01,1927.40,3,M
09:30:01,1927.40,1,M
09:30:01,1927.30,1,M
09:30:01,1927.20,1,B
09:30:00,1927.20,1,B
09:30:00,1927.30,1,B
09:30:00,1927.30,1,B
09:29:59,1927.40,1,M
09:29:59,1927.40,3,B
09:29:59,1927.50,3,M
09:29:58,1927.40,1,B
09:29:58,1927.40,2,B
09:29:58,1927.40,1,B
09:29:58,1927.40,1,B
09:29:58,1927.40,1,B
09:29:58,1927.50,1,M
09:29:57,1927.50,1,M
09:29:57,1927.50,1,M
09:29:57,1927.40,1,B
09:29:57,1927.40,2,B
09:29:56,1927.50,4,M
09:29:56,1927.50,1,M
09:29:56,1927.50,1,M
09:29:56,1927.50,3,M
09:29:56,1927.40,2,B
09:29:56,1927.50,1,M
09:29:55,1927.40,2,B
09:29:55,1927.50,2,M
09:29:55,1927.50,1,M
09:29:55,1927.50,1,M
09:29:55,1927.50,3,M
09:29:55,1927.40,6,B
09:29:55,1927.40,4,B
09:29:55,1927.50,1,M
09:29:55,1927.50,1,M
09:29:54,1927.40,1,B
09:29:54,1927.50,3,M
09:29:53,1927.50,1,M
09:29:53,1927.40,1,M
09:29:53,1927.40,1,M
09:29:52,1927.40,1,M
09:29:52,1927.40,1,B
09:29:52,1927.40,1,B
09:29:52,1927.50,2,M
09:29:52,1927.50,2,M
09:29:52,1927.40,9,M
09:29:50,1927.40,1,M
09:29:48,1927.30,1,B
09:29:48,1927.50,1,M
09:29:48,1927.50,1,M
09:29:47,1927.50,1,M
09:29:47,1927.50,2,M
09:29:47,1927.20,1,B
09:29:47,1927.30,1,B
09:29:47,1927.40,1,B
09:29:47,1927.50,1,M
09:29:47,1927.50,1,M
09:29:47,1927.50,1,M
09:29:47,1927.50,1,M
09:29:47,1927.50,1,M
09:29:46,1927.30,1,B
09:29:45,1927.30,1,M
09:29:45,1927.30,1,M
09:29:45,1927.30,10,M
09:29:45,1927.20,3,M
09:29:45,1927.20,1,M
09:29:44,1927.20,1,M
09:29:44,1927.10,1,B
09:29:44,1927.20,1,M
09:29:43,1927.10,1,B
09:29:43,1927.10,1,B
09:29:42,1927.20,1,M
09:29:42,1927.20,1,M
09:29:41,1927.20,1,M
09:29:41,1927.20,1,M
09:29:41,1927.20,1,M
09:29:40,1927.20,4,M
09:29:40,1927.20,5,B
09:29:39,1927.30,1,M
09:29:38,1927.30,3,M
09:29:38,1927.20,1,M
09:29:38,1927.20,3,M
09:29:37,1927.10,1,B
09:29:37,1927.20,1,M
09:29:37,1927.10,1,B
09:29:37,1927.10,1,B
09:29:36,1927.30,3,M
09:29:36,1927.30,1,M
09:29:36,1927.10,1,B
09:29:36,1927.10,1,B
09:29:36,1927.10,1,B
09:29:35,1927.30,3,M
09:29:35,1927.30,2,M
09:29:35,1927.30,1,M
09:29:35,1927.30,1,M
09:29:35,1927.30,2,M
09:29:33,1927.40,1,M
09:29:33,1927.40,1,M
09:29:33,1927.40,15,M
09:29:33,1927.40,1,M
09:29:33,1927.40,1,M
09:29:33,1927.30,1,M
09:29:33,1927.20,1,M
09:29:33,1927.20,1,M
09:29:33,1927.10,1,M
09:29:33,1927.10,3,M
09:29:33,1927.10,8,M
09:29:33,1927.10,7,M
09:29:33,1927.10,5,M
09:29:33,1927.10,1,M
09:29:32,1927.10,1,M
09:29:32,1927.10,4,M
09:29:32,1927.00,1,B
09:29:32,1927.00,1,B
09:29:32,1927.00,3,B
09:29:31,1927.10,4,M
09:29:31,1927.00,1,B
09:29:31,1927.10,6,M
09:29:31,1927.10,4,M
09:29:31,1927.10,1,M
09:29:30,1927.00,1,B
09:29:30,1927.10,1,M
09:29:29,1927.10,2,M
09:29:29,1927.10,1,M
09:29:29,1927.10,1,M
09:29:29,1927.00,1,B
09:29:29,1927.10,1,M
09:29:29,1927.00,7,B
09:29:28,1927.10,2,M
09:29:28,1927.10,1,M
09:29:28,1927.10,11,M
09:29:28,1927.10,3,M
09:29:28,1927.00,1,M
09:29:28,1927.00,2,M
09:29:28,1927.00,1,M
09:29:28,1927.00,2,M
09:29:28,1927.00,1,M
09:29:28,1927.00,2,M
09:29:28,1927.00,3,M
09:29:28,1927.00,2,M
09:29:28,1927.00,3,M
09:29:28,1927.00,1,M
09:29:28,1927.00,1,M
09:29:28,1927.00,1,M
09:29:28,1927.00,1,M
09:29:28,1927.00,2,M
09:29:28,1927.00,1,M
09:29:28,1927.00,2,M
09:29:28,1927.00,1,M
09:29:28,1927.00,3,M
09:29:28,1927.00,3,M
09:29:28,1927.00,5,M
09:29:28,1927.00,2,M
09:29:28,1927.00,9,M
09:29:28,1927.00,2,M
09:29:28,1927.00,2,M
09:29:28,1927.00,1,M
09:29:28,1927.00,4,M
09:29:28,1927.00,1,M
09:29:28,1927.00,2,M
09:29:28,1927.00,2,M
09:29:28,1927.00,1,M
09:29:28,1927.00,1,M
09:29:28,1927.00,2,M
09:29:28,1927.00,3,M
09:29:28,1927.00,4,M
09:29:28,1927.00,1,M
09:29:28,1927.00,1,M
09:29:28,1927.00,3,M
09:29:27,1927.00,2,M
09:29:27,1927.00,1,M
09:29:27,1927.00,1,M
09:29:27,1927.00,1,M
09:29:27,1927.00,1,M
09:29:27,1927.00,4,M
09:29:27,1927.00,1,M
09:29:27,1927.00,1,M
09:29:27,1927.00,2,M
09:29:27,1927.00,2,M
09:29:27,1927.00,1,M
09:29:27,1927.00,1,M
09:29:27,1927.00,2,M
09:29:27,1927.00,1,M
09:29:27,1927.00,1,M
09:29:27,1927.00,1,M
09:29:27,1927.00,1,M
09:29:27,1927.00,2,M
09:29:27,1927.00,4,M
09:29:27,1927.00,1,M
09:29:27,1927.00,3,M
09:29:27,1927.00,3,M
09:29:27,1927.00,1,M
09:29:27,1927.00,3,M
09:29:27,1927.00,4,M
09:29:27,1927.00,1,M
09:29:27,1927.00,1,M
09:29:27,1927.00,1,M
09:29:27,1927.00,1,M
09:29:27,1927.00,5,M
09:29:27,1927.00,1,M
09:29:27,1927.00,1,M
09:29:27,1927.00,11,M
09:29:27,1927.00,3,M
09:29:27,1927.00,2,M
09:29:27,1927.00,3,M
09:29:27,1927.00,5,M
09:29:27,1927.00,2,M
09:29:27,1927.00,1,M
09:29:27,1927.00,1,M
09:29:27,1927.00,2,M
09:29:26,1927.00,1,M
09:29:26,1927.00,3,M
09:29:26,1927.00,13,M
09:29:26,1927.00,12,M
09:29:26,1927.00,2,M
09:29:26,1927.00,1,M
09:29:26,1927.00,2,M
09:29:26,1927.00,2,M
09:29:26,1927.00,4,M
09:29:26,1927.00,4,M
09:29:26,1927.00,2,M
09:29:25,1927.00,1,M
09:29:24,1927.00,5,M
09:29:24,1927.00,9,M
09:29:24,1927.00,1,M
09:29:24,1926.90,1,B
09:29:24,1927.00,1,M
09:29:23,1927.00,1,M
09:29:23,1927.00,1,M
09:29:22,1927.00,1,M
09:29:22,1927.00,1,M
09:29:22,1927.00,7,M
09:29:22,1927.00,9,M
09:29:22,1927.00,2,M
09:29:22,1927.00,2,M
09:29:22,1927.00,3,M
09:29:22,1927.00,1,M
09:29:22,1927.00,2,M
09:29:22,1927.00,1,M
09:29:22,1927.00,2,M
09:29:22,1927.00,4,M
09:29:22,1927.00,5,M
09:29:22,1927.00,6,M
09:29:22,1927.00,1,M
09:29:22,1927.00,4,M
09:29:22,1927.00,1,M
09:29:21,1927.00,1,M
09:29:21,1927.00,1,M
09:29:20,1927.00,2,M
09:29:20,1927.00,2,M
09:29:20,1927.00,1,M
09:29:20,1927.00,4,M
09:29:20,1927.00,1,M
09:29:20,1927.00,1,M
09:29:20,1927.00,1,M
09:29:20,1926.80,2,B
09:29:20,1926.90,1,B
09:29:20,1926.90,2,B
09:29:20,1927.00,1,M
09:29:20,1927.00,1,M
09:29:19,1927.00,1,M
09:29:18,1927.00,1,M
09:29:18,1926.90,1,B
09:29:17,1927.00,1,M
09:29:17,1927.00,3,M
09:29:16,1926.90,1,B
09:29:16,1927.00,2,M
09:29:15,1927.00,1,M
09:29:14,1927.00,3,M
09:29:14,1927.00,1,M
09:29:14,1927.00,1,M
09:29:14,1926.80,1,B
09:29:13,1927.00,1,M
09:29:13,1927.00,1,M
09:29:13,1926.90,1,M
09:29:13,1926.90,1,M
09:29:13,1926.90,1,M
09:29:12,1926.90,1,M
09:29:12,1926.90,1,M
09:29:11,1927.00,2,M
09:29:11,1927.00,3,M
09:29:11,1926.90,1,M
09:29:11,1926.90,1,M
09:29:11,1926.90,1,M
09:29:10,1926.90,2,M
09:29:09,1926.90,1,M
09:29:08,1927.00,1,M
09:29:08,1927.00,2,M
09:29:08,1927.00,7,M
09:29:08,1926.80,1,B
09:29:08,1926.80,1,B
09:29:08,1926.80,1,B
09:29:08,1926.80,1,B
09:29:07,1927.00,4,M
09:29:07,1927.00,1,M
09:29:07,1926.90,3,M
09:29:07,1926.90,1,M
09:29:07,1926.80,3,B
09:29:07,1926.80,2,B
09:29:07,1926.90,1,M
09:29:07,1926.90,1,M
09:29:07,1926.90,1,B
09:29:07,1926.90,2,B
09:29:07,1926.90,2,B
09:29:06,1927.00,1,M
09:29:06,1927.00,1,M
09:29:06,1926.90,3,B
09:29:05,1927.00,4,M
09:29:05,1927.00,2,M
09:29:05,1927.00,1,M
09:29:04,1927.00,2,M
09:29:04,1927.00,1,M
09:29:03,1927.00,1,M
09:29:03,1927.00,1,M
09:29:03,1927.00,1,M
09:29:02,1927.00,3,M
09:29:02,1927.00,3,M
09:29:02,1927.00,2,M
09:29:01,1927.00,1,M
09:29:01,1927.00,1,M
09:29:01,1927.00,2,M
09:29:01,1927.00,1,M
09:29:00,1926.90,1,B
09:29:00,1926.90,1,B
09:29:00,1926.90,1,B
09:29:00,1926.90,1,B
09:29:00,1926.90,1,B
09:28:59,1926.90,1,B
09:28:59,1926.90,5,B
09:28:59,1927.00,1,M
09:28:59,1927.00,2,M
09:28:59,1926.90,1,B
09:28:58,1927.00,1,M
09:28:58,1927.00,1,M
09:28:58,1927.00,1,M
09:28:58,1927.00,2,M
09:28:58,1927.00,2,M
09:28:58,1927.00,1,M
09:28:57,1926.90,1,B
09:28:57,1926.90,12,M
09:28:57,1926.90,2,M
09:28:56,1926.90,1,M
09:28:55,1926.90,1,M
09:28:54,1926.90,1,M
09:28:54,1926.80,2,B
09:28:54,1926.80,1,B
09:28:54,1926.80,2,B
09:28:53,1926.90,5,M
09:28:53,1926.90,1,M
09:28:53,1926.90,4,M
09:28:52,1926.90,3,M
09:28:52,1926.80,7,B
09:28:52,1926.90,1,B
09:28:52,1927.00,2,M
09:28:51,1927.00,1,M
09:28:50,1927.00,1,M
09:28:50,1927.00,2,M
09:28:50,1927.00,1,M
09:28:50,1927.00,1,M
09:28:50,1927.00,1,M
09:28:50,1927.00,1,M
09:28:49,1927.00,1,M
09:28:48,1927.00,1,M
09:28:48,1927.00,2,M
09:28:48,1927.00,6,M
09:28:48,1926.90,2,M
09:28:48,1926.90,1,M
09:28:48,1926.90,1,M
09:28:47,1926.90,1,M
09:28:47,1926.90,1,M
09:28:47,1926.90,1,M
09:28:47,1926.90,2,M
09:28:47,1926.90,1,M
09:28:46,1926.90,2,M
09:28:46,1926.90,2,M
09:28:46,1926.90,8,M
09:28:46,1926.90,12,M
09:28:45,1926.80,1,B
09:28:45,1926.90,4,M
09:28:45,1926.90,1,M
09:28:45,1926.90,1,M
09:28:45,1926.90,40,M
09:28:45,1926.90,20,M
09:28:43,1926.80,10,B
09:28:42,1926.90,5,M
09:28:41,1926.90,3,M
09:28:41,1926.90,1,M
09:28:41,1926.90,1,M
09:28:41,1926.90,2,M
09:28:41,1926.90,1,M
09:28:40,1926.80,15,B
09:28:39,1926.80,2,B
09:28:38,1926.90,2,M
09:28:37,1926.80,5,M
09:28:37,1926.80,3,M
09:28:36,1926.80,1,M
09:28:36,1926.80,1,M
09:28:34,1926.80,2,M
09:28:34,1926.80,2,M
09:28:34,1926.80,2,M
09:28:34,1926.80,2,M
09:28:32,1926.90,3,M
09:28:31,1926.90,1,M
09:28:30,1926.90,5,M
09:28:29,1926.90,1,M
09:28:29,1926.90,1,M
09:28:29,1926.90,2,M
09:28:29,1926.90,2,M
09:28:29,1926.90,1,M
09:28:29,1926.90,1,M
09:28:29,1926.90,1,M
09:28:29,1926.80,2,M
09:28:29,1926.80,1,M
09:28:28,1926.80,1,M
09:28:28,1926.80,2,M
09:28:28,1926.80,1,M
09:28:28,1926.80,2,M
09:28:28,1926.80,1,M
09:28:28,1926.70,3,M
09:28:28,1926.50,5,M
09:28:28,1926.70,1,M
09:28:28,1926.70,6,M
09:28:28,1926.70,1,M
09:28:28,1926.60,1,M
09:28:28,1926.50,2,M
09:28:28,1926.50,10,M
09:28:28,1926.50,10,M
09:28:28,1926.50,2,M
09:28:28,1926.50,1,M
09:28:28,1926.50,1,M
09:28:28,1926.50,1,M
09:28:28,1926.50,1,M
09:28:28,1926.50,1,M
09:28:27,1926.50,2,M
09:28:27,1926.50,28,M
09:28:26,1926.50,1,M
09:28:25,1926.50,1,M
09:28:25,1926.50,1,M
09:28:24,1926.50,3,M
09:28:24,1926.40,1,B
09:28:24,1926.50,1,M
09:28:23,1926.50,1,M
09:28:23,1926.50,1,M
09:28:23,1926.50,1,M
09:28:22,1926.50,1,M
09:28:21,1926.50,1,M
09:28:21,1926.50,2,M
09:28:21,1926.50,1,M
09:28:20,1926.50,4,M
09:28:20,1926.50,1,M
09:28:19,1926.50,1,M
09:28:19,1926.40,1,B
09:28:18,1926.50,5,M
09:28:18,1926.50,1,M
09:28:17,1926.50,2,M
09:28:17,1926.50,2,M
09:28:17,1926.50,1,M
09:28:17,1926.40,1,B
09:28:16,1926.40,1,B
09:28:16,1926.50,20,M
09:28:16,1926.50,1,M
09:28:15,1926.50,2,M
09:28:15,1926.50,1,M
09:28:15,1926.40,6,B
09:28:14,1926.50,10,M
09:28:14,1926.50,1,M
09:28:13,1926.50,1,M
09:28:13,1926.40,1,B
09:28:12,1926.50,1,M
09:28:11,1926.50,3,M
09:28:11,1926.40,1,B
09:28:10,1926.50,5,M
09:28:10,1926.50,2,M
09:28:10,1926.50,8,M
09:28:10,1926.50,2,M
09:28:10,1926.50,1,M
09:28:09,1926.50,1,M
09:28:09,1926.50,1,M
09:28:09,1926.40,9,M
09:28:08,1926.30,1,B
09:28:08,1926.40,1,M
09:28:08,1926.40,1,M
09:28:08,1926.40,1,M
09:28:08,1926.40,2,M
09:28:07,1926.30,1,B
09:28:07,1926.40,1,M
09:28:06,1926.30,1,B
09:28:04,1926.40,1,M
09:28:03,1926.10,2,B
09:28:02,1926.40,2,M
09:28:01,1926.40,1,M
09:28:01,1926.20,1,B
09:28:00,1926.20,1,B
09:28:00,1926.30,3,B
09:28:00,1926.30,1,B
09:27:59,1926.40,2,M
09:27:58,1926.30,1,B
09:27:58,1926.30,3,M
09:27:58,1926.30,7,M
09:27:56,1926.30,3,M
09:27:56,1926.30,1,M
09:27:54,1926.30,1,M
09:27:54,1926.30,1,M
09:27:54,1926.20,1,M
09:27:53,1926.10,5,B
09:27:52,1926.20,1,M
09:27:51,1926.10,1,B
09:27:51,1926.10,1,B
09:27:51,1926.00,1,B
09:27:50,1926.10,1,M
09:27:49,1926.10,1,M
09:27:48,1926.00,2,B
09:27:48,1926.10,1,B
09:27:48,1926.10,1,B
09:27:48,1926.10,1,B
09:27:48,1926.10,5,B
09:27:46,1926.10,2,B
09:27:45,1926.10,2,B
09:27:44,1926.20,1,M
09:27:44,1926.10,2,B
09:27:44,1926.10,2,B
09:27:44,1926.10,1,B
09:27:42,1926.10,4,B
09:27:41,1926.10,2,M
09:27:41,1926.00,2,B
09:27:40,1926.00,1,M
09:27:40,1926.00,2,M
09:27:36,1926.00,1,M
09:27:36,1925.80,1,B
09:27:36,1925.90,1,B
09:27:36,1926.20,1,M
09:27:36,1926.20,1,M
09:27:36,1926.10,1,M
09:27:36,1925.80,1,B
09:27:35,1925.80,4,B
09:27:35,1926.30,1,M
09:27:35,1926.10,1,M
09:27:35,1925.80,1,B
09:27:35,1925.90,1,B
09:27:35,1925.90,7,B
09:27:35,1926.00,1,B
09:27:35,1926.00,10,B
09:27:34,1926.20,1,M
09:27:34,1926.20,1,M
09:27:34,1926.00,1,B
09:27:32,1926.00,4,M
09:27:32,1925.90,2,B
09:27:32,1925.90,20,B
09:27:32,1926.00,4,M
09:27:32,1925.90,5,B
09:27:32,1926.00,1,M
09:27:31,1925.90,1,B
09:27:31,1925.90,3,B
09:27:31,1925.90,3,B
09:27:30,1926.00,1,M
09:27:29,1925.90,1,B
09:27:29,1925.90,8,B
09:27:29,1926.00,1,B
09:27:29,1926.00,1,B
09:27:29,1926.00,1,B
09:27:29,1926.00,1,B
09:27:29,1926.00,4,B
09:27:28,1926.10,1,B
09:27:27,1926.00,40,B
09:27:27,1926.00,50,B
09:27:26,1926.00,2,B
09:27:26,1926.20,2,M
09:27:26,1926.00,1,B
09:27:26,1926.10,1,B
09:27:26,1926.10,10,B
09:27:26,1926.10,8,B
09:27:26,1926.20,1,M
09:27:25,1926.20,2,M
09:27:25,1926.10,1,B
09:27:24,1926.10,2,B
09:27:23,1926.00,3,B
09:27:23,1926.00,1,B
09:27:23,1926.00,1,B
09:27:23,1926.00,4,B
09:27:23,1926.00,1,B
09:27:23,1926.00,2,B
09:27:23,1926.00,2,B
09:27:23,1926.00,1,B
09:27:23,1926.00,4,B
09:27:23,1926.00,1,B
09:27:23,1926.00,1,B
09:27:23,1926.00,1,B
09:27:23,1926.00,3,B
09:27:23,1926.00,2,B
09:27:23,1926.00,1,B
09:27:23,1926.00,1,B
09:27:23,1926.00,1,B
09:27:23,1926.00,1,B
09:27:23,1926.00,1,B
09:27:23,1926.00,1,B
09:27:23,1926.00,2,B
09:27:23,1926.00,1,B
09:27:23,1926.00,1,B
09:27:23,1926.00,1,B
09:27:23,1926.00,2,B
09:27:23,1926.00,1,B
09:27:23,1926.00,1,B
09:27:23,1926.10,1,B
09:27:23,1926.10,1,B
09:27:23,1926.10,6,B
09:27:23,1926.10,1,B
09:27:23,1926.40,1,M
09:27:23,1926.40,1,M
09:27:23,1926.40,2,M
09:27:23,1926.20,1,M
09:27:22,1926.10,2,B
09:27:22,1926.10,1,B
09:27:22,1926.10,1,B
09:27:22,1926.10,2,B
09:27:21,1926.20,1,B
09:27:21,1926.20,1,B
09:27:21,1926.20,5,B
09:27:21,1926.30,3,B
09:27:21,1926.30,1,B
09:27:21,1926.30,3,B
09:27:21,1926.30,1,B
09:27:21,1926.30,5,B
09:27:21,1926.40,1,M
09:27:21,1926.40,1,M
09:27:20,1926.40,1,M
09:27:19,1926.30,1,B
09:27:18,1926.40,1,M
09:27:18,1926.40,1,M
09:27:17,1926.40,1,M
09:27:17,1926.40,4,M
09:27:16,1926.30,1,B
09:27:16,1926.40,1,M
09:27:16,1926.40,1,M
09:27:14,1926.40,1,M
09:27:13,1926.40,1,M
09:27:13,1926.40,1,M
09:27:13,1926.30,1,M
09:27:13,1926.30,1,M
09:27:12,1926.30,1,M
09:27:12,1926.30,1,M
09:27:10,1926.50,10,M
09:27:10,1926.50,3,M
09:27:10,1926.10,6,B
09:27:10,1926.40,5,B
09:27:10,1926.40,1,B
09:27:10,1926.50,1,M
09:27:09,1926.40,1,B
09:27:09,1926.50,6,M
09:27:08,1926.40,4,B
09:27:08,1926.40,6,B
09:27:08,1926.40,2,B
09:27:07,1926.40,5,B
09:27:07,1926.40,19,M
09:27:07,1926.20,9,M
09:27:07,1926.10,2,B
09:27:06,1926.00,1,B
09:27:05,1926.40,1,M
09:27:05,1926.00,1,B
09:27:05,1926.00,2,B
09:27:05,1926.10,1,B
09:27:05,1926.10,1,B
09:27:05,1926.10,1,B
09:27:05,1926.10,1,B
09:27:05,1926.10,1,B
09:27:05,1926.10,2,B
09:27:05,1926.10,1,B
09:27:05,1926.10,1,B
09:27:05,1926.20,3,B
09:27:05,1926.20,1,B
09:27:05,1926.20,1,B
09:27:05,1926.20,4,B
09:27:04,1926.20,1,B
09:27:04,1926.40,2,B
09:27:04,1926.40,1,B
09:27:04,1926.40,1,B
09:27:04,1926.40,8,B
09:27:03,1926.40,10,B
09:27:03,1926.40,10,B
09:27:03,1926.50,1,M
09:27:03,1926.40,4,B
09:27:03,1926.40,6,B
09:27:03,1926.40,2,B
09:27:02,1926.50,1,M
09:27:01,1926.40,2,B
09:27:01,1926.40,2,B
09:27:01,1926.40,4,B
09:27:00,1926.50,2,M
09:27:00,1926.40,1,B
09:27:00,1926.40,1,B
09:26:58,1926.40,21,B
09:26:58,1926.50,10,B
09:26:58,1926.50,2,B
09:26:58,1926.50,2,B
09:26:57,1926.50,1,B
09:26:57,1926.50,1,B
09:26:57,1926.50,1,B
09:26:57,1926.70,5,M
09:26:57,1926.60,1,M
09:26:55,1926.50,4,B
09:26:54,1926.70,1,M
09:26:54,1926.80,2,M
09:26:53,1926.60,1,B
09:26:53,1926.80,1,M
09:26:53,1926.80,10,M
09:26:53,1926.80,2,M
09:26:53,1926.70,3,M
09:26:52,1926.80,2,M
09:26:52,1926.80,1,M
09:26:52,1926.70,1,M
09:26:52,1926.70,1,M
09:26:50,1926.90,1,M
09:26:50,1926.90,4,M
09:26:50,1926.50,1,B
09:26:50,1926.60,1,B
09:26:50,1926.90,1,M
09:26:48,1926.80,1,M
09:26:48,1926.80,7,M
09:26:48,1926.80,1,M
09:26:48,1926.80,1,M
09:26:48,1926.70,1,M
09:26:48,1926.60,1,B
09:26:47,1926.90,1,M
09:26:47,1926.90,1,M
09:26:46,1926.80,2,M
09:26:46,1926.60,2,M
09:26:46,1926.60,1,M
09:26:46,1926.60,1,M
09:26:45,1926.60,4,M
09:26:44,1926.60,1,M
09:26:44,1926.60,4,M
09:26:44,1926.60,2,M
09:26:43,1926.60,1,M
09:26:43,1926.60,1,B
09:26:43,1926.60,36,B
09:26:43,1926.90,1,M
09:26:43,1926.90,1,M
09:26:43,1926.90,1,M
09:26:43,1926.90,18,M
09:26:43,1926.80,1,M
09:26:43,1926.80,1,M
09:26:43,1926.80,2,M
09:26:43,1926.80,1,M
09:26:43,1926.80,17,M
09:26:43,1926.60,2,B
09:26:43,1926.60,2,B
09:26:42,1926.80,1,M
09:26:42,1926.80,2,M
09:26:42,1926.80,1,M
09:26:41,1926.80,1,M
09:26:41,1926.70,1,M
09:26:41,1926.60,3,M
09:26:41,1926.60,1,M
09:26:41,1926.60,6,M
09:26:41,1926.60,2,M
09:26:40,1926.60,1,M
09:26:40,1926.60,2,M
09:26:40,1926.50,1,B
09:26:39,1926.60,1,M
09:26:38,1926.60,1,M
09:26:38,1926.50,1,B
09:26:38,1926.60,3,M
09:26:36,1926.50,1,B
09:26:36,1926.50,1,M
09:26:36,1926.40,10,B
09:26:35,1926.50,1,M
09:26:35,1926.40,1,B
09:26:35,1926.50,1,M
09:26:35,1926.50,1,B
09:26:35,1926.60,1,M
09:26:33,1926.40,1,B
09:26:33,1926.60,3,M
09:26:33,1926.60,1,M
09:26:33,1926.60,2,M
09:26:33,1926.50,1,M
09:26:31,1926.50,1,M
09:26:30,1926.50,1,M
09:26:30,1926.40,1,M
09:26:30,1926.50,1,M
09:26:30,1926.50,1,M
09:26:30,1926.40,1,M
09:26:30,1926.40,1,M
09:26:30,1926.40,1,M
09:26:30,1926.00,3,B
09:26:30,1926.00,1,B
09:26:30,1926.10,1,B
09:26:30,1926.10,1,B
09:26:30,1926.10,1,B
09:26:30,1926.20,1,B
09:26:30,1926.20,1,B
09:26:30,1926.20,5,B
09:26:30,1926.40,5,B
09:26:30,1926.40,1,B
09:26:29,1926.50,1,M
09:26:29,1926.40,9,B
09:26:29,1926.40,4,B
09:26:28,1926.50,1,M
09:26:28,1926.40,4,B
09:26:28,1926.40,1,B
09:26:27,1926.40,1,M
09:26:26,1926.40,1,M
09:26:26,1926.10,1,B
09:26:26,1926.40,1,M
09:26:26,1926.40,1,M
09:26:26,1926.40,1,M
09:26:26,1926.20,2,M
09:26:26,1926.00,1,B
09:26:26,1926.10,1,B
09:26:26,1926.10,1,B
09:26:26,1926.10,3,B
09:26:26,1926.20,1,B
09:26:26,1926.20,3,B
09:26:25,1926.40,6,B
09:26:25,1926.50,1,M
09:26:24,1926.10,2,B
09:26:24,1926.20,4,B
09:26:24,1926.50,1,M
09:26:23,1926.40,2,M
09:26:23,1926.20,1,B
09:26:23,1926.20,6,B
09:26:22,1926.20,1,B
09:26:22,1926.20,1,B
09:26:22,1926.20,1,M
09:26:22,1926.20,1,M
09:26:22,1926.20,1,M
09:26:21,1926.20,2,M
09:26:21,1926.20,2,M
09:26:21,1926.20,1,M
09:26:21,1926.10,3,M
09:26:19,1926.20,2,M
09:26:19,1926.00,2,B
09:26:19,1926.00,1,B
09:26:19,1926.00,1,B
09:26:19,1926.00,2,B
09:26:18,1926.20,1,M
09:26:17,1926.00,1,B
09:26:17,1926.20,1,M
09:26:16,1926.20,1,M
09:26:16,1926.00,1,B
09:26:16,1926.10,10,B
09:26:16,1926.20,2,M
09:26:16,1926.20,12,M
09:26:15,1926.20,1,M
09:26:14,1926.20,2,M
09:26:14,1926.20,1,M
09:26:14,1926.20,10,M
09:26:14,1926.00,1,B
09:26:13,1926.10,1,B
09:26:13,1925.80,1,B
09:26:13,1925.90,1,B
09:26:13,1925.90,1,B
09:26:13,1926.20,1,M
09:26:13,1926.10,1,B
09:26:12,1926.20,1,M
09:26:12,1926.20,1,M
09:26:12,1926.20,1,M
09:26:11,1926.10,3,M
09:26:11,1926.10,1,M
09:26:11,1925.90,1,B
09:26:10,1926.10,2,M
09:26:10,1926.10,2,M
09:26:10,1926.10,1,M
09:26:09,1926.00,1,B
09:26:08,1926.00,5,B
09:26:08,1926.10,2,M
09:26:08,1926.00,1,M
09:26:08,1926.00,1,M
09:26:08,1926.00,4,M
09:26:08,1926.00,1,M
09:26:08,1926.00,1,M
09:26:08,1926.00,1,M
09:26:07,1925.70,2,B
09:26:07,1925.70,5,B
09:26:07,1925.70,2,B
09:26:07,1925.70,1,B
09:26:06,1926.00,4,B
09:26:06,1926.00,1,B
09:26:06,1926.00,10,B
09:26:06,1926.00,1,B
09:26:06,1926.00,8,B
09:26:06,1926.00,10,B
09:26:06,1926.00,4,B
09:26:06,1926.00,1,B
09:26:05,1926.00,6,M
09:26:05,1926.00,2,M
09:26:05,1926.00,2,M
09:26:05,1925.90,1,M
09:26:05,1926.00,1,M
09:26:05,1925.70,1,B
09:26:05,1925.70,9,B
09:26:05,1926.00,1,M
09:26:05,1926.00,1,M
09:26:05,1926.00,1,M
09:26:05,1926.00,1,M
09:26:05,1926.00,7,M
09:26:05,1925.80,20,M
09:26:04,1926.00,2,M
09:26:04,1926.00,1,M
09:26:04,1925.90,1,M
09:26:04,1926.00,1,M
09:26:04,1926.00,1,M
09:26:04,1925.70,1,B
09:26:04,1926.00,10,M
09:26:04,1926.00,1,M
09:26:04,1925.70,4,B
09:26:03,1926.00,4,M
09:26:03,1925.70,1,B
09:26:03,1925.70,2,B
09:26:03,1925.80,1,B
09:26:03,1925.90,1,B
09:26:03,1925.70,1,B
09:26:03,1925.70,1,B
09:26:02,1926.00,55,M
09:26:02,1926.00,3,M
09:26:01,1926.00,1,M
09:26:01,1926.00,1,M
09:26:01,1926.00,10,M
09:26:01,1926.00,1,M
09:26:01,1926.00,1,M
09:26:01,1925.70,1,B
09:26:01,1925.70,1,B
09:26:01,1925.70,1,B
09:26:01,1925.70,2,B
09:26:01,1925.90,1,B
09:26:01,1926.00,1,M
09:26:00,1926.10,9,M
09:26:00,1926.00,1,M
09:26:00,1926.00,22,B
09:26:00,1926.00,1,B
09:26:00,1926.00,1,B
09:25:59,1926.00,11,B
09:25:59,1926.00,1,B
09:25:59,1926.00,1,B
09:25:59,1926.00,1,M
09:25:59,1925.90,12,M
09:25:59,1925.70,1,B
09:25:59,1925.70,1,B
09:25:59,1925.90,1,M
09:25:59,1925.70,1,B
09:25:59,1925.70,1,B
09:25:59,1925.70,1,B
09:25:59,1925.90,1,M
09:25:59,1925.80,1,B
09:25:59,1925.80,5,B
09:25:59,1925.80,1,B
09:25:59,1925.80,1,B
09:25:59,1925.80,2,B
09:25:59,1925.80,1,B
09:25:59,1925.80,1,B
09:25:59,1925.90,1,B
09:25:59,1925.90,5,B
09:25:59,1926.10,1,M
09:25:59,1926.10,2,M
09:25:59,1926.10,1,M
09:25:59,1926.00,1,M
09:25:59,1926.00,2,M
09:25:58,1926.00,2,M
09:25:58,1925.90,1,B
09:25:58,1925.90,1,B
09:25:58,1926.00,1,B
09:25:58,1926.00,1,B
09:25:58,1926.00,1,B
09:25:58,1926.00,1,B
09:25:58,1926.00,1,B
09:25:58,1926.10,1,M
09:25:58,1926.00,1,B
09:25:58,1926.10,1,B
09:25:57,1926.20,10,M
09:25:57,1926.00,1,B
09:25:57,1926.10,1,B
09:25:57,1926.20,2,M
09:25:56,1926.10,1,B
09:25:56,1926.10,1,M
09:25:56,1926.10,9,M
09:25:56,1926.10,1,M
09:25:56,1926.00,1,B
09:25:55,1926.10,1,M
09:25:55,1926.00,1,B
09:25:55,1926.00,3,B
09:25:55,1926.00,2,B
09:25:55,1926.00,1,B
09:25:55,1926.00,5,B
09:25:55,1926.00,5,B
09:25:55,1926.00,4,B
09:25:55,1926.00,1,B
09:25:55,1926.00,1,B
09:25:55,1926.00,1,B
09:25:55,1926.00,1,B
09:25:55,1926.00,1,B
09:25:55,1926.00,1,B
09:25:55,1926.00,1,B
09:25:55,1926.00,5,B
09:25:55,1926.00,20,B
09:25:55,1926.00,5,B
09:25:55,1926.00,2,B
09:25:55,1926.00,1,B
09:25:55,1926.00,1,B
09:25:55,1926.00,1,B
09:25:55,1926.00,1,B
09:25:55,1926.00,2,B
09:25:55,1926.00,1,B
09:25:55,1926.00,2,B
09:25:55,1926.10,1,M
09:25:55,1926.10,3,M
09:25:55,1926.10,1,M
09:25:54,1926.10,20,B
09:25:54,1926.10,1,B
09:25:54,1926.10,1,B
09:25:54,1926.10,1,B
09:25:54,1926.10,2,B
09:25:54,1926.10,1,B
09:25:54,1926.10,10,B
09:25:54,1926.10,1,B
09:25:54,1926.10,20,B
09:25:54,1926.10,1,B
09:25:54,1926.10,4,B
09:25:54,1926.10,6,B
09:25:54,1926.10,2,B
09:25:54,1926.10,2,B
09:25:54,1926.10,2,B
09:25:54,1926.10,4,B
09:25:54,1926.20,1,B
09:25:54,1926.20,1,B
09:25:54,1926.20,1,B
09:25:54,1926.50,9,M
09:25:54,1926.50,4,M
09:25:54,1926.50,3,M
09:25:53,1926.20,1,B
09:25:53,1926.20,1,B
09:25:53,1926.30,1,B
09:25:53,1926.30,7,B
09:25:52,1926.50,1,M
09:25:52,1926.50,1,M
09:25:52,1926.50,20,M
09:25:52,1926.30,1,B
09:25:52,1926.30,1,B
09:25:51,1926.40,1,M
09:25:51,1926.30,1,B
09:25:50,1926.60,1,M
09:25:50,1926.20,1,B
09:25:50,1926.20,4,B
09:25:50,1926.50,2,B
09:25:50,1926.60,1,M
09:25:50,1926.40,4,M
09:25:50,1926.40,4,M
09:25:50,1926.40,4,M
09:25:50,1926.40,3,M
09:25:50,1926.40,1,M
09:25:50,1926.30,1,M
09:25:49,1926.10,6,B
09:25:49,1926.20,5,B
09:25:49,1926.10,2,B
09:25:49,1926.10,1,B
09:25:49,1926.20,4,B
09:25:49,1926.20,1,B
09:25:49,1926.20,1,B
09:25:49,1926.20,3,B
09:25:49,1926.20,1,B
09:25:49,1926.20,1,B
09:25:49,1926.30,1,M
09:25:48,1926.30,50,B
09:25:48,1926.30,1,M
09:25:48,1926.30,1,M
09:25:47,1926.30,1,M
09:25:47,1926.20,1,B
09:25:47,1926.30,1,M
09:25:47,1926.30,2,M
09:25:47,1926.30,1,M
09:25:46,1926.30,1,B
09:25:45,1926.40,2,M
09:25:45,1926.40,1,M
09:25:45,1926.40,1,M
09:25:45,1926.40,1,B
09:25:45,1926.40,1,B
09:25:44,1926.30,10,B
09:25:44,1926.30,3,B
09:25:44,1926.30,1,B
09:25:44,1926.30,3,B
09:25:44,1926.30,1,B
09:25:44,1926.40,1,B
09:25:44,1926.40,3,B
09:25:44,1926.40,3,B
09:25:44,1926.50,10,B
09:25:44,1926.50,1,B
09:25:44,1926.50,3,B
09:25:44,1926.50,1,B
09:25:44,1926.50,1,B
09:25:44,1926.50,2,B
09:25:44,1926.50,1,B
09:25:44,1926.50,3,B
09:25:44,1926.60,1,B
09:25:44,1926.60,1,B
09:25:44,1926.60,1,B
09:25:44,1927.00,3,M
09:25:44,1927.00,1,M
09:25:44,1926.90,1,M
09:25:43,1927.00,33,M
09:25:43,1926.90,1,M
09:25:43,1926.90,1,M
09:25:43,1926.90,2,M
09:25:43,1926.90,8,M
09:25:43,1926.80,1,M
09:25:43,1926.80,1,M
09:25:43,1926.80,1,M
09:25:43,1926.80,1,M
09:25:43,1926.80,3,M
09:25:43,1926.80,1,M
09:25:43,1926.80,3,M
09:25:43,1926.80,1,M
09:25:43,1926.80,1,M
09:25:43,1926.60,2,M
09:25:43,1926.30,2,B
09:25:43,1926.40,1,B
09:25:43,1926.40,1,B
09:25:43,1926.60,1,M
09:25:42,1926.30,1,B
09:25:42,1926.90,12,M
09:25:42,1926.90,13,M
09:25:42,1926.80,3,M
09:25:42,1926.80,8,M
09:25:42,1926.70,3,M
09:25:42,1926.70,1,M
09:25:42,1926.70,1,M
09:25:42,1926.70,2,M
09:25:42,1926.70,3,M
09:25:42,1926.60,1,M
09:25:42,1926.60,1,M
09:25:42,1926.60,1,M
09:25:42,1926.60,1,M
09:25:42,1926.60,1,M
09:25:42,1926.60,1,M
09:25:42,1926.60,3,M
09:25:42,1926.60,3,M
09:25:42,1926.50,1,M
09:25:42,1926.50,1,M
09:25:41,1926.10,7,B
09:25:41,1926.20,3,B
09:25:41,1926.20,1,B
09:25:41,1926.20,1,B
09:25:41,1926.20,1,B
09:25:41,1926.20,1,B
09:25:41,1926.20,1,B
09:25:41,1926.20,1,B
09:25:41,1926.30,2,B
09:25:41,1926.30,1,B
09:25:41,1926.30,1,B
09:25:41,1926.30,1,B
09:25:41,1926.30,3,B
09:25:41,1926.40,3,B
09:25:41,1926.50,1,B
09:25:41,1926.60,2,B
09:25:41,1926.80,2,M
09:25:41,1926.80,1,M
09:25:40,1926.80,2,M
09:25:40,1926.80,1,M
09:25:40,1926.80,2,M
09:25:40,1926.80,2,M
09:25:40,1926.80,12,M
09:25:40,1926.80,1,M
09:25:40,1926.70,3,M
09:25:40,1926.60,1,M
09:25:40,1926.60,1,M
09:25:40,1926.60,1,M
09:25:39,1926.60,1,M
09:25:39,1926.50,1,B
09:25:39,1926.60,1,M
09:25:39,1926.60,1,M
09:25:39,1926.20,1,B
09:25:39,1926.50,1,B
09:25:39,1926.50,5,B
09:25:39,1926.50,1,B
09:25:39,1926.60,7,B
09:25:39,1926.70,1,M
09:25:38,1926.60,5,B
09:25:38,1926.80,1,B
09:25:38,1926.90,1,M
09:25:38,1926.50,3,B
09:25:38,1926.50,6,B
09:25:38,1926.90,5,M
09:25:37,1926.80,1,B
09:25:37,1926.80,1,B
09:25:37,1926.90,1,M
09:25:37,1926.90,1,M
09:25:37,1926.90,1,M
09:25:36,1926.80,1,B
09:25:36,1926.90,2,M
09:25:36,1926.50,4,B
09:25:35,1926.50,1,B
09:25:35,1926.50,1,B
09:25:35,1926.90,1,M
09:25:35,1926.90,1,M
09:25:35,1926.90,7,M
09:25:35,1926.80,5,M
09:25:35,1926.80,4,M
09:25:35,1926.80,1,M
09:25:35,1926.80,1,M
09:25:35,1926.80,1,M
09:25:35,1926.70,1,M
09:25:35,1926.70,1,M
09:25:35,1926.70,1,M
09:25:35,1926.70,1,M
09:25:35,1926.60,6,M
09:25:35,1926.60,1,M
09:25:34,1926.60,1,M
09:25:34,1926.60,2,M
09:25:34,1926.60,1,M
09:25:34,1926.50,3,M
09:25:34,1926.50,1,M
09:25:34,1926.50,9,M
09:25:33,1926.40,1,M
09:25:33,1926.10,1,B
09:25:33,1926.10,1,B
09:25:33,1926.50,1,M
09:25:33,1926.40,1,M
09:25:33,1926.40,3,M
09:25:33,1926.20,1,B
09:25:33,1926.20,1,B
09:25:31,1926.40,1,M
09:25:31,1926.00,1,B
09:25:31,1926.50,1,M
09:25:31,1926.50,2,M
09:25:31,1926.40,2,M
09:25:31,1926.30,2,M
09:25:31,1926.10,2,M
09:25:30,1926.10,1,M
09:25:30,1926.10,1,M
09:25:30,1926.10,2,M
09:25:30,1926.00,3,B
09:25:29,1926.00,2,B
09:25:29,1926.00,1,B
09:25:29,1926.10,1,M
09:25:28,1926.10,1,M
09:25:28,1926.10,2,M
09:25:27,1926.00,12,B
09:25:27,1926.20,1,B
09:25:27,1926.30,17,B
09:25:27,1926.30,1,M
09:25:27,1926.30,7,M
09:25:27,1926.00,1,B
09:25:27,1926.10,1,B
09:25:27,1926.10,1,B
09:25:27,1926.20,1,B
09:25:27,1926.30,2,M
09:25:26,1926.30,2,M
09:25:26,1926.20,4,B
09:25:26,1926.20,4,M
09:25:25,1926.20,1,M
09:25:25,1926.30,13,M
09:25:25,1926.30,2,M
09:25:25,1926.30,1,M
09:25:25,1926.30,13,M
09:25:25,1926.30,1,M
09:25:25,1926.00,10,B
09:25:25,1926.20,1,B
09:25:25,1926.20,7,B
09:25:25,1926.20,1,M
09:25:25,1926.20,1,M
09:25:24,1926.00,1,B
09:25:24,1926.10,10,B
09:25:24,1926.10,1,B
09:25:24,1926.00,3,B
09:25:24,1926.10,1,B
09:25:24,1926.10,1,B
09:25:24,1926.10,3,B
09:25:24,1926.20,1,M
09:25:22,1926.10,2,M
09:25:22,1926.10,1,M
09:25:22,1926.10,2,M
09:25:22,1926.10,1,M
09:25:22,1926.10,1,M
09:25:21,1926.10,1,M
09:25:21,1926.00,3,B
09:25:21,1926.00,5,B
09:25:20,1926.20,1,M
09:25:20,1926.00,3,B
09:25:20,1926.30,1,M
09:25:20,1926.30,5,M
09:25:20,1926.20,2,M
09:25:20,1926.00,4,B
09:25:20,1926.00,1,B
09:25:20,1926.00,2,M
09:25:20,1926.20,2,M
09:25:19,1925.90,1,B
09:25:19,1925.90,1,B
09:25:19,1925.90,2,B
09:25:19,1926.00,2,M
09:25:19,1926.00,10,M
09:25:19,1926.00,1,M
09:25:19,1926.00,1,M
09:25:19,1925.90,2,B
09:25:19,1925.90,1,B
09:25:19,1926.00,2,M
09:25:18,1926.00,2,M
09:25:18,1926.00,1,M
09:25:18,1926.00,5,M
09:25:18,1926.00,5,B
09:25:18,1926.00,2,B
09:25:18,1926.00,2,B
09:25:18,1926.00,1,B
09:25:18,1926.00,1,B
09:25:18,1926.00,10,B
09:25:18,1926.00,5,B
09:25:18,1926.00,1,B
09:25:18,1926.00,1,B
09:25:18,1926.00,1,B
09:25:18,1926.00,1,B
09:25:18,1926.00,1,B
09:25:18,1926.10,20,B
09:25:18,1926.10,1,B
09:25:18,1926.10,1,B
09:25:18,1926.10,1,B
09:25:18,1926.10,1,B
09:25:18,1926.10,1,B
09:25:18,1926.10,2,B
09:25:18,1926.10,2,B
09:25:18,1926.10,1,B
09:25:18,1926.10,2,B
09:25:18,1926.10,1,B
09:25:17,1926.30,3,M
09:25:17,1926.10,4,B
09:25:17,1926.30,2,M
09:25:17,1926.30,1,M
09:25:17,1926.10,1,B
09:25:16,1926.10,1,B
09:25:16,1926.10,1,B
09:25:16,1926.20,1,B
09:25:16,1926.20,3,B
09:25:16,1926.30,1,M
09:25:16,1926.20,1,B
09:25:16,1926.30,1,M
09:25:16,1926.20,5,B
09:25:16,1926.30,8,M
09:25:16,1926.10,1,M
09:25:16,1926.10,4,M
09:25:16,1926.10,1,M
09:25:15,1926.10,1,M
09:25:15,1926.00,1,B
09:25:15,1926.00,1,B
09:25:15,1926.00,3,B
09:25:15,1926.00,5,B
09:25:15,1926.00,2,B
09:25:15,1926.00,1,B
09:25:15,1926.10,1,M
09:25:14,1926.00,5,B
09:25:14,1926.00,1,B
09:25:14,1926.00,1,B
09:25:14,1926.00,1,B
09:25:14,1926.00,1,B
09:25:14,1926.00,2,B
09:25:14,1926.00,4,B
09:25:14,1926.00,2,B
09:25:14,1926.00,1,B
09:25:14,1926.00,1,B
09:25:14,1926.10,2,M
09:25:14,1926.10,2,M
09:25:14,1926.10,1,M
09:25:14,1926.10,2,M
09:25:14,1926.10,2,M
09:25:14,1926.10,2,M
09:25:14,1926.00,1,B
09:25:14,1926.00,1,B
09:25:14,1926.00,2,B
09:25:14,1926.10,3,M
09:25:13,1926.10,1,B
09:25:13,1926.10,1,B
09:25:13,1926.10,1,B
09:25:13,1926.10,8,B
09:25:13,1926.10,5,B
09:25:13,1926.10,3,B
09:25:13,1926.30,1,M
09:25:13,1926.10,1,B
09:25:13,1926.10,1,B
09:25:13,1926.30,1,M
09:25:13,1926.30,2,M
09:25:13,1926.10,1,B
09:25:13,1926.20,1,M
09:25:13,1926.10,1,B
09:25:12,1926.10,1,B
09:25:12,1926.10,10,B
09:25:12,1926.10,1,B
09:25:12,1926.10,1,B
09:25:12,1926.10,1,B
09:25:12,1926.20,2,M
09:25:11,1926.10,1,B
09:25:11,1926.10,1,B
09:25:11,1926.10,10,B
09:25:11,1926.10,1,B
09:25:10,1926.10,1,M
09:25:10,1926.10,1,M
09:25:10,1926.00,1,B
09:25:10,1926.00,1,B
09:25:10,1926.00,4,B
09:25:10,1926.00,2,B
09:25:10,1926.00,1,B
09:25:10,1926.00,6,B
09:25:10,1926.00,1,B
09:25:10,1926.00,2,B
09:25:10,1926.00,1,B
09:25:10,1926.00,1,B
09:25:10,1926.00,2,B
09:25:10,1926.00,1,B
09:25:10,1926.10,1,M
09:25:10,1926.00,1,B
09:25:10,1926.00,1,B
09:25:10,1926.00,1,B
09:25:10,1926.00,1,B
09:25:10,1926.00,1,B
09:25:10,1926.10,1,M
09:25:09,1926.20,1,M
09:25:09,1926.20,1,M
09:25:09,1926.00,4,B
09:25:09,1926.00,1,B
09:25:09,1926.20,1,M
09:25:09,1926.00,3,B
09:25:09,1926.00,1,B
09:25:09,1926.00,4,B
09:25:09,1926.00,2,B
09:25:09,1926.00,1,B
09:25:09,1926.00,1,B
09:25:09,1926.10,1,B
09:25:09,1926.10,1,B
09:25:09,1926.10,3,B
09:25:09,1926.10,1,B
09:25:09,1926.10,1,B
09:25:09,1926.20,1,M
09:25:09,1926.20,1,B
09:25:08,1926.30,10,M
09:25:08,1926.30,1,M
09:25:08,1926.10,1,B
09:25:08,1926.10,1,B
09:25:08,1926.10,1,B
09:25:08,1926.10,2,B
09:25:08,1926.10,1,B
09:25:08,1926.10,2,B
09:25:08,1926.10,10,B
09:25:08,1926.10,5,B
09:25:08,1926.10,1,B
09:25:08,1926.20,2,B
09:25:08,1926.20,1,B
09:25:08,1926.20,5,B
09:25:08,1926.20,1,B
09:25:08,1926.20,1,B
09:25:08,1926.20,2,B
09:25:08,1926.20,1,B
09:25:08,1926.20,5,B
09:25:08,1926.30,9,B
09:25:08,1926.30,35,B
09:25:08,1926.30,1,B
09:25:08,1926.30,1,B
09:25:08,1926.30,1,B
09:25:08,1926.40,2,B
09:25:08,1926.40,1,B
09:25:08,1926.50,1,B
09:25:08,1926.50,1,B
09:25:07,1926.40,1,B
09:25:07,1926.40,1,B
09:25:07,1926.60,1,M
09:25:07,1926.30,2,B
09:25:06,1926.30,1,B
09:25:06,1926.30,1,B
09:25:06,1926.30,2,B
09:25:06,1926.30,1,B
09:25:06,1926.50,3,B
09:25:06,1926.30,4,B
09:25:06,1926.50,1,B
09:25:06,1926.60,1,M
09:25:06,1926.60,2,M
09:25:06,1926.30,2,B
09:25:06,1926.40,1,B
09:25:06,1926.40,2,B
09:25:06,1926.50,2,B
09:25:06,1926.60,1,M
09:25:05,1926.40,1,B
09:25:05,1926.40,1,B
09:25:05,1926.40,2,B
09:25:05,1926.40,1,B
09:25:05,1926.40,1,B
09:25:05,1926.40,1,B
09:25:05,1926.50,1,M
09:25:05,1926.40,1,B
09:25:05,1926.40,1,B
09:25:05,1926.40,1,B
09:25:05,1926.40,1,B
09:25:05,1926.40,1,B
09:25:05,1926.50,6,M
09:25:05,1926.50,10,M
09:25:05,1926.50,3,M
09:25:04,1926.50,1,B
09:25:04,1926.50,2,B
09:25:04,1926.50,3,B
09:25:04,1926.50,9,B
09:25:04,1926.50,1,B
09:25:04,1926.50,1,B
09:25:04,1926.50,2,B
09:25:04,1926.50,1,B
09:25:04,1926.50,5,B
09:25:04,1926.50,2,B
09:25:04,1926.50,1,B
09:25:04,1926.50,4,B
09:25:04,1926.60,1,M
09:25:04,1926.50,1,B
09:25:04,1926.50,5,B
09:25:04,1926.50,4,B
09:25:04,1926.60,1,M
09:25:04,1926.70,1,M
09:25:03,1926.50,1,B
09:25:03,1926.50,1,B
09:25:03,1926.50,1,B
09:25:03,1926.50,1,B
09:25:03,1926.50,2,B
09:25:03,1926.60,1,B
09:25:03,1926.60,1,B
09:25:03,1926.60,1,B
09:25:03,1926.60,1,B
09:25:03,1926.60,20,B
09:25:03,1926.60,1,B
09:25:03,1926.60,2,B
09:25:03,1926.60,5,B
09:25:03,1926.60,9,B
09:25:02,1926.70,1,M
09:25:02,1926.70,1,M
09:25:02,1926.60,1,B
09:25:02,1926.70,1,B
09:25:02,1926.70,1,B
09:25:02,1926.70,1,B
09:25:02,1926.70,3,B
09:25:02,1926.70,1,B
09:25:02,1926.70,20,B
09:25:02,1926.70,1,B
09:25:02,1926.70,20,B
09:25:02,1926.70,1,B
09:25:02,1926.70,3,B
09:25:02,1926.70,3,B
09:25:02,1926.70,2,B
09:25:02,1926.80,15,B
09:25:01,1927.00,1,M
09:25:01,1927.00,2,M
09:25:01,1927.00,6,M
09:25:01,1926.80,1,B
09:25:01,1927.00,1,M
09:25:01,1927.00,1,M
09:25:00,1926.80,2,B
09:25:00,1927.00,11,M
09:25:00,1927.00,1,M
09:25:00,1927.00,1,M
09:25:00,1927.00,1,M
09:25:00,1926.90,1,B
09:25:00,1926.90,1,B
09:25:00,1926.90,1,B
09:25:00,1926.90,3,B
09:25:00,1926.90,1,B
09:25:00,1926.90,1,B
09:25:00,1926.90,24,B
09:25:00,1926.90,3,B
09:25:00,1927.00,2,B
09:25:00,1927.00,28,B
09:24:59,1927.40,7,M
09:24:59,1927.40,1,M
09:24:59,1927.40,2,M
09:24:59,1927.30,4,M
09:24:59,1927.30,1,M
09:24:59,1927.20,1,M
09:24:59,1927.10,1,M
09:24:59,1927.00,1,B
09:24:58,1927.00,1,B
09:24:58,1927.00,1,B
09:24:58,1927.00,1,B
09:24:58,1927.30,1,M
09:24:58,1927.30,1,M
09:24:57,1927.30,1,M
09:24:57,1926.90,1,B
09:24:57,1926.80,2,B
09:24:57,1926.80,1,B
09:24:57,1927.10,20,B
09:24:57,1927.10,1,M
09:24:57,1927.00,2,B
09:24:57,1927.00,5,B
09:24:56,1927.00,3,B
09:24:56,1927.00,1,B
09:24:56,1927.00,3,B
09:24:56,1927.00,1,B
09:24:56,1927.40,1,M
09:24:56,1927.40,1,M
09:24:55,1927.30,1,M
09:24:55,1927.00,1,B
09:24:55,1927.00,10,B
09:24:55,1927.20,1,M
09:24:55,1927.10,1,B
09:24:55,1927.00,2,M
09:24:55,1927.00,1,M
09:24:55,1927.00,1,M
09:24:55,1927.00,1,M
09:24:55,1927.00,1,M
09:24:55,1926.80,1,B
09:24:55,1926.80,1,B
09:24:55,1926.80,1,B
09:24:55,1926.80,1,B
09:24:55,1926.80,1,B
09:24:54,1927.00,1,M
09:24:54,1927.00,2,M
09:24:54,1927.00,8,M
09:24:54,1927.00,1,M
09:24:54,1926.90,1,B
09:24:54,1926.90,1,B
09:24:53,1926.90,1,B
09:24:53,1927.00,1,M
09:24:53,1927.00,20,M
09:24:52,1927.00,10,M
09:24:52,1926.90,1,B
09:24:52,1926.90,1,B
09:24:52,1926.90,1,B
09:24:52,1927.00,1,M
09:24:52,1927.00,11,M
09:24:51,1927.00,1,M
09:24:51,1926.90,1,B
09:24:51,1927.00,1,B
09:24:50,1927.00,1,B
09:24:50,1927.00,2,B
09:24:50,1927.00,1,B
09:24:50,1927.10,1,B
09:24:50,1927.30,12,B
09:24:50,1927.40,1,M
09:24:50,1927.40,1,M
09:24:50,1927.30,3,B
09:24:50,1927.30,1,B
09:24:50,1927.30,1,B
09:24:50,1927.30,1,M
09:24:50,1927.30,1,M
09:24:50,1927.30,1,M
09:24:50,1927.30,1,M
09:24:50,1927.30,1,M
09:24:50,1927.30,1,M
09:24:50,1927.30,1,M
09:24:50,1927.30,1,M
09:24:50,1927.30,1,M
09:24:50,1927.30,7,M
09:24:50,1927.20,1,M
09:24:50,1927.20,1,M
09:24:50,1927.00,15,B
09:24:50,1927.00,3,M
09:24:50,1927.00,1,M
09:24:50,1927.00,1,M
09:24:50,1927.00,1,M
09:24:50,1927.00,1,M
09:24:49,1926.80,1,B
09:24:49,1926.80,1,B
09:24:49,1927.00,1,M
09:24:49,1927.00,1,M
09:24:48,1926.80,1,B
09:24:48,1926.80,7,B
09:24:48,1927.00,1,M
09:24:48,1926.80,1,B
09:24:48,1926.90,1,B
09:24:48,1927.30,1,M
09:24:48,1927.10,1,M
09:24:48,1927.00,3,M
09:24:47,1927.00,1,M
09:24:47,1927.00,1,M
09:24:47,1926.80,1,B
09:24:47,1927.10,1,M
09:24:47,1927.00,1,M
09:24:46,1927.00,1,M
09:24:46,1926.80,6,B
09:24:46,1926.80,10,B
09:24:46,1927.00,1,M
09:24:46,1927.00,1,M
09:24:46,1926.80,1,B
09:24:46,1927.00,1,M
09:24:46,1926.90,1,M
09:24:46,1926.80,1,B
09:24:45,1926.80,1,B
09:24:45,1926.90,1,M
09:24:45,1926.90,1,M
09:24:45,1926.90,1,B
09:24:45,1926.90,1,B
09:24:44,1927.30,1,M
09:24:44,1926.90,1,B
09:24:44,1926.90,1,B
09:24:44,1926.90,1,B
09:24:44,1927.00,1,B
09:24:44,1927.00,1,B
09:24:44,1926.80,1,B
09:24:44,1926.80,1,B
09:24:44,1926.80,7,B
09:24:44,1926.80,20,B
09:24:44,1926.80,1,B
09:24:44,1926.90,7,B
09:24:44,1926.90,2,B
09:24:44,1927.00,1,B
09:24:44,1927.00,1,B
09:24:44,1927.00,1,M
09:24:44,1927.00,1,M
09:24:44,1926.90,1,B
09:24:43,1927.00,1,M
09:24:43,1927.00,1,M
09:24:43,1926.90,2,B
09:24:43,1927.00,1,M
09:24:43,1927.00,1,M
09:24:43,1927.00,1,B
09:24:43,1927.00,1,B
09:24:43,1927.00,1,B
09:24:43,1927.00,1,B
09:24:43,1927.30,1,M
09:24:43,1927.00,2,B
09:24:43,1927.10,6,B
09:24:43,1927.10,1,B
09:24:42,1927.30,5,M
09:24:42,1927.00,1,B
09:24:42,1927.00,1,B
09:24:42,1927.00,1,B
09:24:42,1927.00,1,B
09:24:42,1927.00,4,B
09:24:42,1927.10,1,B
09:24:41,1927.00,4,B
09:24:41,1927.00,1,B
09:24:41,1927.00,2,B
09:24:41,1927.00,1,B
09:24:41,1927.00,1,B
09:24:41,1927.00,1,B
09:24:40,1927.10,1,B
09:24:40,1927.10,1,B
09:24:40,1927.20,1,B
09:24:40,1927.10,1,B
09:24:40,1927.40,1,M
09:24:40,1927.30,1,M
09:24:40,1927.20,1,M
09:24:40,1927.00,8,M
09:24:40,1927.00,1,M
09:24:40,1927.00,9,M
09:24:40,1927.00,3,M
09:24:40,1927.00,4,M
09:24:40,1927.00,3,M
09:24:40,1927.00,40,M
09:24:40,1927.00,1,M
09:24:39,1927.00,2,M
09:24:39,1926.90,2,B
09:24:39,1927.00,1,M
09:24:39,1927.00,1,M
09:24:39,1926.90,2,B
09:24:39,1927.00,5,M
09:24:39,1927.00,2,M
09:24:39,1926.90,10,B
09:24:39,1926.70,5,B
09:24:38,1926.70,5,B
09:24:38,1927.00,2,M
09:24:38,1926.70,8,B
09:24:38,1927.00,5,M
09:24:38,1926.70,10,B
09:24:38,1927.00,1,M
09:24:38,1927.00,2,M
09:24:38,1927.00,1,M
09:24:37,1927.00,1,B
09:24:37,1927.10,7,B
09:24:37,1927.10,2,M
09:24:37,1927.10,1,M
09:24:37,1926.90,3,B
09:24:37,1927.00,2,M
09:24:37,1926.90,1,M
09:24:37,1926.80,3,M
09:24:37,1926.80,1,M
09:24:37,1926.80,3,M
09:24:37,1926.80,1,M
09:24:37,1926.80,1,M
09:24:37,1926.80,3,M
09:24:37,1926.70,1,B
09:24:37,1926.70,1,B
09:24:37,1926.70,2,B
09:24:37,1926.80,1,B
09:24:37,1926.80,1,B
09:24:37,1926.80,1,B
09:24:37,1926.80,1,B
09:24:37,1926.80,1,B
09:24:37,1926.80,1,B
09:24:37,1926.80,1,B
09:24:37,1926.80,1,B
09:24:37,1926.80,2,B
09:24:36,1927.00,2,M
09:24:36,1927.00,1,M
09:24:36,1927.00,1,M
09:24:36,1926.90,1,B
09:24:36,1926.90,1,B
09:24:36,1926.90,12,B
09:24:36,1926.90,1,B
09:24:36,1926.90,3,B
09:24:36,1927.00,1,B
09:24:36,1926.90,1,B
09:24:36,1927.00,1,B
09:24:36,1927.00,1,M
09:24:36,1927.00,1,M
09:24:36,1926.90,3,B
09:24:36,1926.90,1,B
09:24:36,1926.90,1,B
09:24:36,1926.90,1,B
09:24:36,1927.00,1,M
09:24:36,1926.90,1,B
09:24:36,1926.90,1,B
09:24:36,1926.90,1,B
09:24:35,1927.00,2,M
09:24:35,1927.00,1,M
09:24:35,1927.00,1,B
09:24:35,1927.00,1,B
09:24:35,1927.00,1,B
09:24:35,1927.00,2,B
09:24:35,1927.10,1,B
09:24:35,1927.10,1,B
09:24:35,1927.10,3,B
09:24:35,1927.10,1,B
09:24:35,1927.10,1,B
09:24:35,1927.10,1,B
09:24:35,1927.20,1,B
09:24:35,1927.10,2,B
09:24:35,1927.70,1,M
09:24:35,1927.70,5,M
09:24:35,1927.60,1,M
09:24:35,1927.60,3,M
09:24:35,1927.50,1,M
09:24:35,1927.50,3,M
09:24:35,1927.40,1,M
09:24:35,1927.40,1,M
09:24:35,1927.40,1,M
09:24:35,1927.40,1,M
09:24:35,1927.30,1,M
09:24:35,1927.40,2,M
09:24:35,1927.40,1,M
09:24:35,1927.40,1,M
09:24:35,1927.00,1,B
09:24:35,1927.00,2,B
09:24:35,1927.00,2,B
09:24:35,1927.00,2,B
09:24:35,1927.00,1,B
09:24:35,1927.00,1,B
09:24:35,1927.00,1,B
09:24:35,1927.00,1,B
09:24:35,1927.00,1,B
09:24:35,1927.00,4,B
09:24:35,1927.00,1,B
09:24:35,1927.00,1,B
09:24:35,1927.00,1,B
09:24:35,1927.00,5,B
09:24:35,1927.00,1,B
09:24:35,1927.00,2,B
09:24:35,1927.00,1,B
09:24:35,1927.00,1,B
09:24:35,1927.00,1,B
09:24:35,1927.00,1,B
09:24:35,1927.00,1,B
09:24:35,1927.00,15,B
09:24:35,1927.00,1,B
09:24:35,1927.00,3,B
09:24:35,1927.00,4,B
09:24:35,1927.10,1,B
09:24:35,1927.10,1,M
09:24:35,1927.00,1,B
09:24:35,1927.00,10,B
09:24:35,1927.00,15,B
09:24:35,1927.00,15,B
09:24:35,1927.00,1,B
09:24:34,1927.00,36,B
09:24:34,1927.10,4,B
09:24:34,1927.40,4,M
09:24:34,1927.40,1,M
09:24:34,1927.10,1,B
09:24:34,1927.10,10,B
09:24:34,1927.30,1,B
09:24:34,1927.30,1,B
09:24:33,1927.10,1,B
09:24:33,1927.10,1,B
09:24:33,1927.10,3,B
09:24:33,1927.10,5,B
09:24:33,1927.10,1,B
09:24:33,1927.10,2,B
09:24:33,1927.10,1,B
09:24:33,1927.10,5,B
09:24:33,1927.10,1,B
09:24:33,1927.10,1,B
09:24:33,1927.20,2,B
09:24:33,1927.20,5,B
09:24:33,1927.20,1,B
09:24:33,1927.20,1,B
09:24:33,1927.20,1,B
09:24:33,1927.20,1,B
09:24:33,1927.20,1,B
09:24:33,1927.20,1,B
09:24:33,1927.40,1,M
09:24:33,1927.40,1,M
09:24:33,1927.30,1,B
09:24:33,1927.30,2,B
09:24:33,1927.30,2,B
09:24:33,1927.30,17,B
09:24:32,1927.30,1,B
09:24:32,1927.40,1,M
09:24:32,1927.40,2,M
09:24:32,1927.30,7,B
09:24:32,1927.30,2,B
09:24:32,1927.30,1,B
09:24:32,1927.30,2,B
09:24:32,1927.30,3,B
09:24:32,1927.40,1,M
09:24:31,1927.40,1,M
09:24:31,1927.40,3,M
09:24:31,1927.40,1,B
09:24:31,1927.40,1,B
09:24:31,1927.40,1,B
09:24:31,1927.40,1,B
09:24:30,1927.80,1,M
09:24:30,1927.80,1,M
09:24:30,1927.80,1,M
09:24:30,1927.50,1,B
09:24:30,1927.80,1,M
09:24:30,1927.80,1,M
09:24:30,1927.80,2,M
09:24:30,1927.80,1,M
09:24:30,1927.80,1,M
09:24:30,1927.70,1,M
09:24:30,1927.40,1,M
09:24:30,1927.40,1,B
09:24:29,1927.80,2,M
09:24:29,1927.80,1,M
09:24:28,1927.80,1,M
09:24:28,1927.80,2,M
09:24:27,1927.80,1,M
09:24:27,1927.30,1,B
09:24:27,1927.40,1,B
09:24:27,1927.40,1,B
09:24:27,1927.80,5,M
09:24:27,1927.80,14,M
09:24:27,1927.70,1,M
09:24:27,1927.60,1,B
09:24:27,1927.80,1,M
09:24:27,1927.80,1,M
09:24:27,1927.40,1,B
09:24:27,1927.80,1,M
09:24:26,1927.80,1,M
09:24:26,1927.80,1,M
09:24:26,1927.80,1,M
09:24:26,1927.40,1,B
09:24:26,1927.40,1,B
09:24:26,1927.40,1,B
09:24:25,1927.80,1,M
09:24:25,1927.30,4,B
09:24:25,1927.40,1,B
09:24:25,1927.40,1,B
09:24:25,1927.40,1,B
09:24:25,1927.40,1,B
09:24:25,1927.40,1,B
09:24:25,1927.50,1,B
09:24:24,1927.50,1,M
09:24:24,1927.40,1,B
09:24:24,1927.50,1,M
09:24:24,1927.50,1,M
09:24:24,1927.50,1,M
09:24:24,1927.50,1,B
09:24:24,1927.50,1,B
09:24:24,1927.50,1,B
09:24:24,1928.00,3,M
09:24:24,1928.00,2,M
09:24:24,1927.50,1,B
09:24:24,1927.60,1,B
09:24:24,1927.60,1,B
09:24:24,1927.60,1,B
09:24:23,1927.90,1,M
09:24:23,1927.50,1,B
09:24:23,1927.50,1,B
09:24:23,1927.90,5,M
09:24:23,1928.00,3,M
09:24:23,1928.00,1,M
09:24:23,1928.00,2,M
09:24:23,1928.00,1,M
09:24:23,1928.00,32,M
09:24:23,1927.90,1,M
09:24:22,1928.00,9,M
09:24:22,1927.90,1,M
09:24:22,1927.40,2,B
09:24:22,1927.50,1,B
09:24:22,1927.50,1,B
09:24:22,1927.50,2,B
09:24:22,1927.50,1,B
09:24:22,1927.50,4,B
09:24:22,1927.50,1,B
09:24:22,1927.50,1,B
09:24:22,1927.90,1,M
09:24:22,1927.90,1,M
09:24:22,1927.50,1,B
09:24:22,1927.50,1,B
09:24:22,1927.60,1,B
09:24:22,1928.00,1,M
09:24:22,1927.90,1,M
09:24:22,1927.60,1,B
09:24:22,1927.60,1,B
09:24:22,1927.60,1,B
09:24:22,1927.70,2,B
09:24:22,1927.70,1,B
09:24:22,1927.70,1,B
09:24:21,1928.00,1,M
09:24:21,1927.70,1,B
09:24:21,1927.70,1,B
09:24:21,1927.70,1,B
09:24:20,1927.70,1,B
09:24:20,1927.70,1,B
09:24:20,1927.70,6,B
09:24:20,1927.80,2,B
09:24:20,1927.90,1,M
09:24:20,1928.00,4,M
09:24:20,1927.70,4,B
09:24:19,1928.00,6,M
09:24:19,1928.00,2,M
09:24:19,1927.90,1,M
09:24:19,1927.90,1,M
09:24:19,1927.70,4,B
09:24:19,1927.70,1,B
09:24:18,1927.70,1,B
09:24:18,1927.70,1,B
09:24:17,1927.90,1,B
09:24:17,1928.00,1,M
09:24:17,1928.00,1,M
09:24:17,1928.00,1,M
09:24:17,1928.00,5,M
09:24:17,1928.00,9,M
09:24:17,1927.90,11,M
09:24:17,1927.90,1,M
09:24:17,1927.90,1,M
09:24:17,1927.90,1,M
09:24:17,1927.90,1,M
09:24:17,1927.90,1,M
09:24:16,1927.60,4,B
09:24:16,1927.60,1,B
09:24:16,1927.80,1,B
09:24:16,1927.80,1,M
09:24:16,1927.50,1,M
09:24:16,1927.50,1,M
09:24:15,1927.50,1,M
09:24:15,1927.50,1,B
09:24:15,1927.60,1,B
09:24:15,1927.40,4,B
09:24:15,1927.50,1,B
09:24:15,1927.50,1,B
09:24:15,1927.50,1,B
09:24:15,1927.90,1,M
09:24:15,1927.50,1,B
09:24:15,1927.60,1,B
09:24:15,1927.90,1,B
09:24:15,1928.00,2,M
09:24:15,1928.00,1,M
09:24:15,1927.60,1,B
09:24:14,1927.70,1,B
09:24:14,1928.00,7,M
09:24:14,1927.90,1,M
09:24:14,1927.80,1,M
09:24:14,1927.80,1,M
09:24:14,1927.50,1,B
09:24:14,1927.50,1,B
09:24:13,1927.90,1,M
09:24:13,1927.90,1,M
09:24:13,1927.90,1,M
09:24:13,1927.90,1,M
09:24:13,1927.90,1,M
09:24:13,1927.90,1,M
09:24:13,1927.80,1,M
09:24:13,1927.80,1,M
09:24:13,1927.80,1,M
09:24:13,1927.80,5,M
09:24:13,1927.70,1,M
09:24:13,1927.70,1,M
09:24:13,1927.70,1,M
09:24:13,1927.70,1,M
09:24:13,1927.70,2,M
09:24:13,1927.40,1,M
09:24:13,1927.40,1,M
09:24:13,1927.40,1,M
09:24:13,1927.40,1,M
09:24:13,1927.40,1,M
09:24:13,1927.30,2,B
09:24:13,1927.30,1,B
09:24:13,1927.30,1,B
09:24:13,1927.30,5,B
09:24:13,1927.30,20,B
09:24:13,1927.30,2,B
09:24:13,1927.40,1,M
09:24:12,1927.30,1,B
09:24:12,1927.40,1,M
09:24:12,1927.40,1,M
09:24:12,1927.30,1,B
09:24:12,1927.70,1,M
09:24:12,1927.30,1,B
09:24:12,1927.60,1,M
09:24:12,1927.50,1,M
09:24:12,1927.30,1,B
09:24:12,1927.30,1,B
09:24:12,1927.30,1,B
09:24:12,1927.30,1,B
09:24:12,1927.60,1,M
09:24:12,1927.70,2,M
09:24:12,1927.70,1,M
09:24:12,1927.70,1,M
09:24:12,1927.50,1,M
09:24:11,1927.20,1,B
09:24:11,1927.20,1,B
09:24:11,1927.20,1,B
09:24:11,1927.20,1,B
09:24:11,1927.20,1,B
09:24:11,1927.20,1,B
09:24:11,1927.20,2,B
09:24:11,1927.20,2,B
09:24:11,1927.20,1,B
09:24:11,1927.20,1,B
09:24:11,1927.20,5,B
09:24:11,1927.20,1,B
09:24:11,1927.20,3,B
09:24:11,1927.20,1,B
09:24:11,1927.20,1,B
09:24:11,1927.20,1,B
09:24:11,1927.20,6,B
09:24:11,1927.30,1,B
09:24:11,1927.50,1,M
09:24:11,1927.40,1,M
09:24:11,1927.30,1,M
09:24:11,1927.00,5,B
09:24:11,1927.00,3,B
09:24:11,1927.00,35,B
09:24:11,1927.10,20,B
09:24:11,1927.10,2,B
09:24:11,1927.10,1,B
09:24:11,1927.10,1,B
09:24:11,1927.10,1,B
09:24:11,1927.10,2,B
09:24:11,1927.10,1,B
09:24:11,1927.10,2,B
09:24:11,1927.10,1,B
09:24:11,1927.10,1,B
09:24:11,1927.10,12,B
09:24:11,1927.10,1,B
09:24:11,1927.20,2,B
09:24:11,1927.20,2,B
09:24:11,1927.20,2,B
09:24:11,1927.30,1,B
09:24:11,1927.30,1,B
09:24:11,1927.30,2,B
09:24:11,1927.30,1,B
09:24:11,1927.40,1,B
09:24:11,1927.50,1,M
09:24:10,1927.70,1,M
09:24:10,1927.40,1,B
09:24:10,1927.40,5,B
09:24:10,1927.80,1,M
09:24:10,1927.40,1,B
09:24:10,1927.40,3,B
09:24:10,1927.40,1,B
09:24:10,1927.40,1,B
09:24:10,1927.40,1,B
09:24:10,1927.50,1,B
09:24:10,1927.40,1,B
09:24:10,1928.00,1,M
09:24:10,1927.90,2,M
09:24:10,1927.80,1,M
09:24:10,1927.40,14,B
09:24:10,1927.40,2,B
09:24:10,1927.40,1,B
09:24:10,1927.50,1,B
09:24:10,1927.50,1,B
09:24:10,1927.50,1,B
09:24:10,1927.50,2,B
09:24:10,1927.50,1,B
09:24:10,1927.50,1,B
09:24:10,1927.50,1,B
09:24:10,1927.60,1,B
09:24:10,1927.60,6,B
09:24:10,1927.60,1,B
09:24:10,1927.60,2,B
09:24:10,1927.70,2,B
09:24:10,1927.80,1,B
09:24:10,1927.80,2,B
09:24:10,1927.90,2,B
09:24:10,1927.90,2,B
09:24:10,1927.90,1,B
09:24:10,1927.90,1,B
09:24:10,1927.90,2,B
09:24:10,1927.90,1,B
09:24:10,1927.90,3,B
09:24:10,1927.90,5,B
09:24:10,1927.90,6,B
09:24:10,1927.90,1,B
09:24:10,1927.90,1,B
09:24:10,1927.90,1,B
09:24:10,1927.90,4,B
09:24:10,1927.90,3,B
09:24:10,1927.90,5,B
09:24:10,1927.90,1,B
09:24:10,1927.90,1,B
09:24:10,1927.90,1,B
09:24:10,1927.90,1,B
09:24:10,1927.90,1,B
09:24:10,1927.90,1,B
09:24:10,1927.90,3,B
09:24:10,1927.90,1,B
09:24:10,1927.90,1,B
09:24:10,1927.90,2,B
09:24:10,1927.90,1,B
09:24:10,1927.90,1,B
09:24:10,1927.90,1,B
09:24:10,1927.90,2,B
09:24:10,1927.90,2,B
09:24:10,1927.90,1,B
09:24:10,1927.90,1,B
09:24:10,1927.90,1,B
09:24:10,1927.90,1,B
09:24:10,1927.90,1,B
09:24:10,1927.90,1,B
09:24:10,1927.90,1,B
09:24:10,1927.90,1,B
09:24:10,1927.90,1,B
09:24:10,1927.90,1,B
09:24:10,1927.90,1,B
09:24:10,1927.90,1,B
09:24:10,1927.90,1,B
09:24:09,1928.00,1,M
09:24:09,1927.90,2,B
09:24:09,1927.90,4,B
09:24:09,1927.90,1,B
09:24:09,1927.90,2,B
09:24:09,1927.90,3,B
09:24:09,1927.90,2,B
09:24:09,1927.90,1,B
09:24:09,1927.90,1,B
09:24:09,1927.90,1,B
09:24:09,1927.90,2,B
09:24:09,1927.90,1,B
09:24:09,1928.00,3,B
09:24:09,1928.00,1,B
09:24:09,1928.00,1,B
09:24:09,1928.00,1,B
09:24:09,1928.00,1,B
09:24:09,1928.00,9,B
09:24:09,1928.00,1,B
09:24:09,1928.00,1,B
09:24:09,1928.00,1,B
09:24:09,1928.00,1,B
09:24:09,1928.00,10,B
09:24:09,1928.00,1,B
09:24:09,1928.00,1,B
09:24:09,1928.00,1,B
09:24:09,1928.00,1,B
09:24:09,1928.00,1,B
09:24:09,1928.00,1,B
09:24:09,1928.00,1,B
09:24:09,1928.00,1,B
09:24:09,1928.00,2,B
09:24:09,1928.00,1,B
09:24:09,1928.00,1,B
09:24:09,1928.00,7,B
09:24:09,1928.00,3,B
09:24:09,1928.00,3,B
09:24:09,1928.00,5,B
09:24:09,1928.00,9,B
09:24:09,1928.00,1,B
09:24:09,1928.00,5,B
09:24:09,1928.00,1,B
09:24:09,1928.00,1,B
09:24:09,1928.00,1,B
09:24:09,1928.00,1,B
09:24:09,1928.00,1,B
09:24:09,1928.00,1,B
09:24:09,1928.00,3,B
09:24:09,1928.00,5,B
09:24:09,1928.00,1,B
09:24:09,1928.00,1,B
09:24:09,1928.00,1,B
09:24:09,1928.20,1,M
09:24:09,1928.00,1,B
09:24:09,1928.00,2,B
09:24:09,1928.30,1,B
09:24:09,1928.00,1,B
09:24:09,1928.00,1,B
09:24:09,1928.00,2,B
09:24:09,1928.00,1,B
09:24:09,1928.00,2,B
09:24:09,1928.00,1,B
09:24:09,1928.00,3,B
09:24:09,1928.20,2,M
09:24:09,1928.00,1,B
09:24:09,1928.10,1,B
09:24:08,1928.20,1,M
09:24:08,1928.00,1,B
09:24:08,1928.20,3,B
09:24:08,1928.20,1,B
09:24:08,1928.20,1,B
09:24:08,1928.00,3,B
09:24:08,1928.00,1,B
09:24:08,1928.00,1,B
09:24:08,1928.00,1,B
09:24:08,1928.00,1,B
09:24:08,1928.00,1,B
09:24:08,1928.00,1,B
09:24:08,1928.10,1,B
09:24:08,1928.10,1,B
09:24:08,1928.10,1,B
09:24:08,1928.10,2,B
09:24:08,1928.10,2,B
09:24:08,1928.10,1,B
09:24:08,1928.10,1,B
09:24:08,1928.20,1,B
09:24:08,1928.20,1,B
09:24:08,1928.20,1,B
09:24:08,1928.20,2,B
09:24:08,1928.20,1,B
09:24:08,1928.20,1,B
09:24:08,1928.20,5,B
09:24:08,1928.20,2,B
09:24:08,1928.20,2,B
09:24:08,1928.20,1,B
09:24:08,1928.30,38,B
09:24:08,1928.50,24,B
09:24:08,1928.50,1,B
09:24:08,1928.60,1,M
09:24:07,1928.50,5,M
09:24:07,1928.50,1,M
09:24:07,1928.30,1,B
09:24:07,1928.30,1,B
09:24:07,1928.30,1,B
09:24:07,1928.30,1,B
09:24:07,1928.50,4,M
09:24:06,1928.30,1,B
09:24:06,1928.30,5,B
09:24:06,1928.50,1,M
09:24:06,1928.50,1,M
09:24:06,1928.30,2,B
09:24:06,1928.50,1,M
09:24:06,1928.30,1,B
09:24:06,1928.30,1,B
09:24:06,1928.50,1,B
09:24:06,1928.50,1,B
09:24:06,1928.50,1,B
09:24:06,1928.30,1,B
09:24:06,1928.30,2,B
09:24:06,1928.40,1,B
09:24:06,1928.80,5,M
09:24:05,1928.70,1,B
09:24:05,1928.40,1,B
09:24:05,1928.80,24,M
09:24:05,1928.80,15,M
09:24:05,1928.40,1,B
09:24:05,1928.80,3,M
09:24:05,1928.50,1,M
09:24:05,1928.40,1,B
09:24:04,1928.50,1,B
09:24:04,1928.50,1,B
09:24:04,1928.50,1,B
09:24:04,1928.50,1,B
09:24:04,1928.50,1,B
09:24:04,1928.50,1,B
09:24:04,1928.80,1,M
09:24:04,1928.60,1,B
09:24:04,1928.60,2,B
09:24:04,1928.60,1,B
09:24:04,1928.60,1,B
09:24:04,1928.80,1,M
09:24:04,1928.60,1,B
09:24:04,1928.60,1,B
09:24:03,1928.60,1,B
09:24:03,1928.60,1,B
09:24:03,1928.60,1,B
09:24:03,1928.70,1,B
09:24:03,1928.70,1,B
09:24:03,1928.70,2,B
09:24:03,1928.70,1,B
09:24:03,1928.70,2,B
09:24:03,1929.00,2,M
09:24:03,1929.00,1,M
09:24:03,1929.00,1,M
09:24:03,1929.00,3,M
09:24:03,1929.00,2,M
09:24:03,1929.00,1,M
09:24:03,1929.00,1,M
09:24:03,1929.00,1,M
09:24:03,1929.00,1,M
09:24:03,1929.00,1,M
09:24:03,1929.00,1,M
09:24:03,1929.00,5,M
09:24:03,1928.80,1,M
09:24:03,1928.80,1,M
09:24:03,1928.80,1,B
09:24:03,1928.80,10,B
09:24:03,1928.80,1,B
09:24:03,1928.80,4,B
09:24:03,1928.80,1,B
09:24:03,1928.80,33,B
09:24:03,1928.80,1,B
09:24:03,1928.90,1,M
09:24:03,1928.90,1,M
09:24:03,1928.90,1,M
09:24:03,1928.90,2,M
09:24:03,1928.80,1,B
09:24:03,1928.80,1,B
09:24:03,1928.90,1,B
09:24:03,1928.90,1,B
09:24:03,1928.90,2,B
09:24:02,1928.90,1,B
09:24:02,1929.00,7,M
09:24:02,1928.90,1,B
09:24:02,1928.90,1,B
09:24:01,1928.90,20,B
09:24:01,1929.00,1,M
09:24:00,1929.00,1,B
09:24:00,1929.00,6,B
09:24:00,1929.30,1,M
09:24:00,1929.40,1,M
09:24:00,1929.40,1,M
09:24:00,1929.40,3,M
09:24:00,1929.30,1,M
09:24:00,1929.00,24,B
09:24:00,1929.00,9,B
09:24:00,1929.10,1,B
09:24:00,1929.20,18,B
09:23:59,1929.30,1,M
09:23:59,1929.30,1,M
09:23:59,1929.20,1,M
09:23:59,1929.20,1,M
09:23:58,1929.00,1,B
09:23:58,1929.00,1,M
09:23:58,1929.00,1,M
09:23:58,1929.00,1,M
09:23:58,1928.90,1,B
09:23:58,1928.90,1,B
09:23:57,1928.90,1,B
09:23:57,1929.00,1,B
09:23:57,1929.00,1,B
09:23:56,1929.00,1,M
09:23:56,1929.00,3,M
09:23:56,1929.00,3,B
09:23:56,1929.00,1,B
09:23:56,1929.00,1,B
09:23:56,1929.00,1,B
09:23:56,1929.00,1,B
09:23:56,1929.00,1,B
09:23:56,1929.00,2,B
09:23:56,1929.10,1,B
09:23:56,1929.10,1,B
09:23:56,1929.10,1,B
09:23:56,1929.10,1,B
09:23:56,1929.10,1,B
09:23:56,1929.10,2,B
09:23:56,1929.20,3,B
09:23:56,1929.20,2,B
09:23:56,1929.20,1,B
09:23:56,1929.50,1,M
09:23:56,1929.40,1,M
09:23:55,1929.10,1,B
09:23:55,1929.10,2,B
09:23:55,1929.20,1,B
09:23:55,1929.20,1,B
09:23:55,1929.20,1,B
09:23:55,1929.20,1,B
09:23:55,1929.20,1,B
09:23:55,1929.20,1,B
09:23:55,1929.10,1,B
09:23:55,1929.60,1,M
09:23:55,1929.50,1,M
09:23:55,1929.50,1,M
09:23:55,1929.50,1,M
09:23:55,1929.50,3,M
09:23:55,1929.50,2,M
09:23:55,1929.50,3,M
09:23:55,1929.40,1,M
09:23:55,1929.40,1,M
09:23:55,1929.40,1,M
09:23:55,1929.40,1,M
09:23:55,1929.30,10,M
09:23:55,1929.00,1,B
09:23:55,1929.00,1,B
09:23:55,1929.00,1,B
09:23:54,1929.00,1,B
09:23:54,1929.20,1,B
09:23:54,1929.10,1,B
09:23:54,1929.10,1,B
09:23:54,1929.10,1,B
09:23:54,1929.10,2,B
09:23:54,1929.00,1,B
09:23:54,1929.40,3,B
09:23:54,1929.40,1,B
09:23:54,1929.40,1,B
09:23:54,1929.40,1,M
09:23:54,1929.40,3,M
09:23:54,1929.40,1,M
09:23:54,1929.40,1,M
09:23:54,1929.30,1,M
09:23:54,1929.30,2,M
09:23:54,1929.30,1,M
09:23:54,1929.10,1,M
09:23:54,1929.10,1,M
09:23:54,1929.00,1,M
09:23:54,1929.00,12,M
09:23:54,1928.90,5,M
09:23:53,1928.90,3,B
09:23:53,1928.90,3,B
09:23:53,1928.90,1,B
09:23:53,1928.90,2,B
09:23:53,1928.90,1,M
09:23:53,1928.80,4,M
09:23:53,1929.00,1,M
09:23:53,1929.00,2,M
09:23:53,1928.90,1,B
09:23:53,1928.70,2,B
09:23:53,1928.70,1,B
09:23:53,1928.70,9,B
09:23:52,1929.00,2,M
09:23:52,1928.70,1,B
09:23:52,1928.80,1,B
09:23:52,1929.00,4,M
09:23:52,1929.00,1,M
09:23:52,1928.80,6,B
09:23:52,1929.00,8,M
09:23:52,1929.00,1,M
09:23:52,1929.00,1,M
09:23:52,1928.80,1,B
09:23:52,1928.80,2,B
09:23:52,1928.80,1,B
09:23:52,1928.90,7,B
09:23:52,1928.90,5,M
09:23:51,1928.90,1,B
09:23:51,1928.90,1,B
09:23:51,1929.00,2,B
09:23:51,1929.00,1,B
09:23:51,1929.00,1,B
09:23:51,1929.00,1,B
09:23:51,1929.00,19,B
09:23:51,1929.00,2,B
09:23:51,1929.00,1,B
09:23:51,1929.00,1,B
09:23:51,1929.00,1,B
09:23:51,1929.00,1,B
09:23:51,1929.00,2,B
09:23:51,1929.00,1,B
09:23:51,1929.00,4,B
09:23:51,1929.00,1,B
09:23:51,1929.00,2,B
09:23:51,1929.00,4,B
09:23:51,1929.00,2,B
09:23:51,1929.00,2,B
09:23:51,1929.00,4,B
09:23:51,1929.00,3,B
09:23:51,1929.00,1,B
09:23:51,1929.00,3,B
09:23:51,1929.00,1,B
09:23:51,1929.00,1,B
09:23:51,1929.00,1,B
09:23:51,1929.00,1,B
09:23:51,1929.00,3,B
09:23:51,1929.00,1,B
09:23:51,1929.00,2,B
09:23:51,1929.00,6,B
09:23:51,1929.00,4,B
09:23:51,1929.00,2,B
09:23:50,1929.00,1,B
09:23:50,1929.10,1,B
09:23:50,1929.10,1,B
09:23:50,1929.10,1,B
09:23:50,1929.50,1,M
09:23:50,1929.50,1,M
09:23:50,1929.50,1,M
09:23:50,1929.50,1,M
09:23:50,1929.10,2,B
09:23:50,1929.10,1,B
09:23:50,1929.00,1,B
09:23:50,1929.00,1,B
09:23:50,1929.00,1,B
09:23:50,1929.10,1,B
09:23:50,1929.10,1,B
09:23:50,1929.10,1,B
09:23:50,1929.10,2,B
09:23:50,1929.10,2,B
09:23:50,1929.10,2,B
09:23:50,1929.10,1,B
09:23:50,1929.10,2,B
09:23:50,1929.10,3,B
09:23:50,1929.10,1,B
09:23:50,1929.20,5,B
09:23:50,1929.20,4,B
09:23:50,1929.20,1,B
09:23:50,1929.20,1,B
09:23:50,1929.20,1,B
09:23:50,1929.20,2,B
09:23:50,1929.30,2,B
09:23:50,1929.30,9,B
09:23:50,1929.30,6,B
09:23:50,1929.30,1,B
09:23:49,1929.30,1,B
09:23:49,1929.30,1,B
09:23:49,1929.30,1,B
09:23:49,1929.30,1,B
09:23:49,1929.30,1,B
09:23:49,1929.30,1,B
09:23:48,1929.30,1,B
09:23:48,1929.60,1,M
09:23:48,1929.60,1,M
09:23:48,1929.50,1,B
09:23:48,1929.50,2,B
09:23:48,1929.60,1,B
09:23:48,1929.60,1,B
09:23:46,1929.60,1,B
09:23:46,1929.60,1,B
09:23:46,1929.80,1,B
09:23:46,1929.80,1,B
09:23:45,1930.10,1,M
09:23:45,1930.10,1,M
09:23:45,1930.10,2,M
09:23:45,1930.10,1,M
09:23:45,1930.00,1,M
09:23:45,1930.00,1,M
09:23:45,1930.00,1,M
09:23:45,1929.90,2,M
09:23:45,1929.70,1,B
09:23:44,1930.10,1,M
09:23:44,1930.10,1,M
09:23:44,1929.60,2,B
09:23:44,1929.60,2,B
09:23:44,1929.60,1,B
09:23:44,1929.60,1,B
09:23:44,1929.60,1,B
09:23:44,1929.60,1,B
09:23:44,1929.70,1,B
09:23:44,1929.70,1,B
09:23:44,1930.00,14,B
09:23:43,1930.10,1,M
09:23:43,1930.10,1,M
09:23:42,1929.70,23,B
09:23:42,1929.70,1,B
09:23:42,1929.70,1,B
09:23:42,1929.70,1,B
09:23:42,1929.70,1,B
09:23:42,1929.70,1,B
09:23:42,1929.80,1,B
09:23:42,1929.80,1,B
09:23:42,1929.80,2,B
09:23:42,1930.10,1,B
09:23:42,1930.00,1,M
09:23:42,1929.90,1,B
09:23:42,1929.90,1,B
09:23:42,1929.90,4,B
09:23:42,1929.90,1,B
09:23:42,1929.90,2,B
09:23:42,1929.90,1,B
09:23:42,1929.90,12,B
09:23:42,1930.10,1,M
09:23:42,1930.00,1,M
09:23:42,1929.90,1,B
09:23:42,1929.90,1,B
09:23:41,1930.00,1,B
09:23:41,1930.00,1,B
09:23:41,1930.00,1,B
09:23:41,1930.00,102,B
09:23:40,1930.10,20,B
09:23:39,1930.10,1,B
09:23:39,1930.00,1,B
09:23:38,1930.20,4,B
09:23:38,1930.20,1,M
09:23:38,1930.20,1,M
09:23:38,1930.00,8,B
09:23:38,1930.00,1,B
09:23:38,1930.00,1,B
09:23:38,1930.30,1,M
09:23:37,1930.30,5,M
09:23:37,1930.00,4,B
09:23:37,1930.20,1,B
09:23:36,1930.30,1,M
09:23:35,1930.30,2,M
09:23:35,1930.00,1,B
09:23:34,1930.00,1,B
09:23:33,1930.00,2,B
09:23:33,1930.00,1,B
09:23:33,1930.00,2,B
09:23:33,1930.00,20,B
09:23:33,1930.10,5,B
09:23:33,1930.20,1,B
09:23:32,1930.20,1,B
09:23:32,1930.30,1,M
09:23:31,1930.10,5,B
09:23:31,1930.10,2,B
09:23:31,1930.10,3,B
09:23:30,1930.20,1,M
09:23:30,1930.30,1,M
09:23:29,1930.40,2,M
09:23:28,1930.30,3,B
09:23:28,1930.30,1,B
09:23:27,1930.30,1,B
09:23:27,1930.30,24,B
09:23:27,1930.30,1,M
09:23:27,1930.30,1,M
09:23:27,1930.30,10,M
09:23:27,1930.30,1,M
09:23:27,1930.30,1,M
09:23:26,1930.20,17,B
09:23:26,1930.10,1,B
09:23:25,1930.30,1,M
09:23:25,1930.30,1,M
09:23:24,1930.30,1,M
09:23:24,1930.20,7,M
09:23:24,1930.20,1,M
09:23:24,1930.20,1,M
09:23:24,1929.90,1,B
09:23:24,1929.90,1,B
09:23:24,1930.20,1,M
09:23:24,1929.90,9,B
09:23:24,1930.00,1,B
09:23:23,1930.30,5,M
09:23:22,1930.30,1,M
09:23:22,1930.00,1,B
09:23:22,1930.00,4,B
09:23:22,1930.10,1,B
09:23:22,1930.10,4,B
09:23:22,1930.30,4,M
09:23:22,1930.20,1,B
09:23:21,1930.40,6,M
09:23:21,1930.10,1,B
09:23:21,1930.10,1,B
09:23:21,1930.40,1,M
09:23:20,1930.40,1,M
09:23:20,1930.30,2,M
09:23:20,1930.00,2,B
09:23:20,1930.10,1,B
09:23:20,1930.10,1,B
09:23:20,1930.10,6,B
09:23:20,1930.10,4,B
09:23:20,1930.20,1,B
09:23:20,1930.30,1,M
09:23:20,1930.20,4,B
09:23:20,1930.10,1,B
09:23:19,1930.40,1,M
09:23:19,1930.40,1,M
09:23:19,1930.40,1,M
09:23:19,1930.40,2,M
09:23:19,1930.10,1,B
09:23:19,1930.40,2,M
09:23:19,1930.40,1,M
09:23:19,1930.10,1,B
09:23:18,1930.40,1,M
09:23:18,1930.40,5,M
09:23:18,1930.30,1,B
09:23:17,1930.40,1,M
09:23:17,1930.20,1,B
09:23:17,1930.20,1,B
09:23:16,1930.40,1,M
09:23:15,1930.40,1,M
09:23:15,1930.40,1,M
09:23:15,1930.40,1,M
09:23:15,1930.40,1,M
09:23:15,1930.30,1,M
09:23:15,1930.30,1,M
09:23:15,1930.20,2,M
09:23:15,1930.20,1,M
09:23:14,1929.90,1,B
09:23:14,1930.00,1,B
09:23:14,1930.10,1,M
09:23:14,1930.10,1,M
09:23:14,1929.90,2,B
09:23:13,1930.10,1,M
09:23:13,1930.00,1,M
09:23:13,1930.00,1,M
09:23:13,1930.00,1,B
09:23:13,1930.00,1,B
09:23:13,1929.90,8,B
09:23:13,1930.00,2,B
09:23:12,1930.10,2,M
09:23:12,1930.00,1,B
09:23:12,1930.10,2,M
09:23:12,1930.00,1,M
09:23:11,1929.90,1,B
09:23:11,1929.90,1,B
09:23:11,1930.10,4,M
09:23:10,1929.70,8,B
09:23:10,1929.80,1,B
09:23:10,1929.80,3,B
09:23:10,1930.10,10,M
09:23:10,1930.10,10,M
09:23:10,1930.00,7,B
09:23:10,1930.00,2,B
09:23:10,1930.00,1,M
09:23:09,1929.70,1,B
09:23:09,1929.70,2,B
09:23:09,1929.80,2,B
09:23:09,1930.00,1,M
09:23:09,1930.00,1,M
09:23:09,1930.00,4,M
09:23:09,1930.00,2,M
09:23:08,1930.00,3,M
09:23:08,1930.00,2,M
09:23:08,1929.90,2,M
09:23:08,1930.00,1,M
09:23:08,1929.90,1,M
09:23:07,1929.80,1,B
09:23:07,1930.00,1,M
09:23:07,1930.00,1,M
09:23:07,1930.00,1,M
09:23:07,1930.00,2,M
09:23:07,1930.00,1,M
09:23:07,1930.00,1,M
09:23:07,1930.00,1,M
09:23:07,1930.00,1,M
09:23:07,1930.00,1,M
09:23:07,1930.00,1,M
09:23:07,1930.00,1,M
09:23:07,1930.00,1,M
09:23:07,1930.00,10,M
09:23:07,1930.00,2,M
09:23:07,1930.00,1,M
09:23:07,1930.00,1,M
09:23:07,1930.00,16,M
09:23:06,1930.00,1,M
09:23:06,1929.90,1,M
09:23:06,1930.00,30,M
09:23:06,1929.70,1,B
09:23:06,1929.90,1,B
09:23:05,1930.00,2,M
09:23:05,1930.00,1,M
09:23:05,1930.00,1,M
09:23:05,1929.70,1,B
09:23:05,1930.00,9,M
09:23:05,1930.00,2,M
09:23:05,1929.90,9,M
09:23:05,1929.70,2,B
09:23:04,1929.90,1,M
09:23:04,1929.70,2,M
09:23:03,1929.70,1,M
09:23:03,1929.70,3,B
09:23:03,1929.70,1,B
09:23:03,1929.70,1,B
09:23:03,1929.70,1,B
09:23:03,1929.70,1,B
09:23:03,1929.70,1,B
09:23:02,1929.80,1,M
09:23:01,1929.70,1,B
09:23:01,1929.70,10,B
09:23:01,1929.70,4,B
09:23:00,1929.70,4,B
09:23:00,1929.70,1,B
09:22:59,1930.00,2,M
09:22:59,1930.00,1,M
09:22:59,1930.00,1,M
09:22:59,1929.90,1,B
09:22:59,1930.00,2,M
09:22:58,1929.70,2,B
09:22:56,1929.90,10,M
09:22:55,1930.00,2,M
09:22:55,1930.00,1,M
09:22:55,1930.00,1,M
09:22:54,1929.60,1,B
09:22:54,1930.00,1,M
09:22:53,1930.00,1,M
09:22:53,1930.00,1,M
09:22:53,1929.90,1,M
09:22:53,1929.80,2,M
09:22:53,1929.60,1,B
09:22:53,1929.60,1,M
09:22:53,1929.50,1,B
09:22:53,1929.50,1,B
09:22:53,1929.50,3,B
09:22:53,1929.60,1,M
09:22:52,1929.60,1,B
09:22:52,1929.60,1,B
09:22:51,1929.60,1,B
09:22:51,1929.70,1,B
09:22:51,1929.80,1,M
09:22:51,1929.80,1,M
09:22:50,1930.10,6,M
09:22:50,1930.00,3,M
09:22:50,1930.00,1,M
09:22:50,1930.00,1,M
09:22:50,1929.90,1,M
09:22:50,1929.90,1,M
09:22:50,1929.90,1,M
09:22:50,1929.50,1,B
09:22:50,1929.60,3,B
09:22:50,1929.60,2,B
09:22:50,1929.60,5,B
09:22:50,1929.60,1,B
09:22:50,1929.70,1,B
09:22:50,1930.00,1,M
09:22:50,1929.90,3,M
09:22:50,1929.90,1,M
09:22:50,1929.80,1,M
09:22:50,1929.80,1,M
09:22:50,1929.80,1,M
09:22:50,1929.80,1,B
09:22:49,1930.00,1,M
09:22:49,1929.40,2,B
09:22:49,1929.40,5,B
09:22:49,1929.40,2,B
09:22:49,1929.40,2,B
09:22:49,1929.50,1,B
09:22:49,1929.50,1,B
09:22:49,1929.50,1,B
09:22:49,1929.50,1,B
09:22:49,1929.50,1,B
09:22:49,1929.50,1,B
09:22:49,1929.50,5,B
09:22:49,1929.50,2,B
09:22:49,1929.50,1,B
09:22:49,1929.60,2,B
09:22:49,1929.60,3,B
09:22:49,1929.60,1,B
09:22:49,1929.60,1,B
09:22:49,1929.60,3,B
09:22:49,1929.70,1,B
09:22:49,1929.90,1,M
09:22:49,1930.10,4,M
09:22:49,1930.00,2,M
09:22:49,1929.90,1,M
09:22:49,1929.90,2,M
09:22:49,1929.90,1,M
09:22:49,1929.70,1,M
09:22:49,1929.60,1,B
09:22:48,1929.80,2,B
09:22:48,1929.80,1,B
09:22:48,1929.90,1,M
09:22:48,1929.90,2,M
09:22:48,1929.60,1,B
09:22:48,1929.70,1,M
09:22:48,1929.90,2,M
09:22:48,1929.90,1,M
09:22:48,1929.80,1,M
09:22:47,1929.70,7,B
09:22:47,1929.90,1,M
09:22:47,1929.90,1,M
09:22:47,1929.90,1,M
09:22:47,1929.90,1,M
09:22:47,1929.70,2,B
09:22:46,1929.90,2,M
09:22:46,1929.90,2,M
09:22:46,1929.80,30,B
09:22:46,1929.70,10,M
09:22:46,1929.50,1,B
09:22:46,1929.50,2,B
09:22:46,1929.50,15,B
09:22:46,1929.80,2,M
09:22:46,1929.50,5,B
09:22:46,1929.50,8,B
09:22:46,1929.60,2,B
09:22:46,1929.70,1,B
09:22:46,1929.70,2,B
09:22:46,1929.70,2,B
09:22:46,1929.70,1,B
09:22:46,1929.70,2,B
09:22:46,1929.70,2,B
09:22:46,1929.80,2,B
09:22:46,1929.80,2,B
09:22:46,1929.80,2,B
09:22:46,1929.80,2,B
09:22:46,1929.90,1,M
09:22:46,1929.90,1,M
09:22:46,1929.80,3,B
09:22:46,1929.90,1,M
09:22:45,1929.80,1,B
09:22:45,1929.80,1,B
09:22:45,1929.90,1,B
09:22:45,1929.90,1,B
09:22:45,1929.90,1,B
09:22:45,1929.90,1,B
09:22:45,1929.90,2,B
09:22:45,1929.90,11,B
09:22:45,1929.90,1,B
09:22:45,1930.00,2,M
09:22:45,1930.00,1,B
09:22:45,1930.00,1,B
09:22:45,1930.00,1,B
09:22:45,1930.00,2,B
09:22:45,1930.00,1,B
09:22:45,1930.00,1,B
09:22:45,1930.00,2,B
09:22:45,1930.10,7,B
09:22:45,1930.10,1,B
09:22:45,1930.40,9,M
09:22:45,1930.40,1,M
09:22:45,1930.00,1,B
09:22:45,1930.00,1,B
09:22:45,1930.00,1,B
09:22:45,1930.00,1,B
09:22:45,1930.00,1,B
09:22:45,1930.00,2,B
09:22:45,1930.00,1,B
09:22:45,1930.00,1,B
09:22:45,1930.00,1,B
09:22:45,1930.00,1,B
09:22:45,1930.00,2,B
09:22:45,1930.00,8,B
09:22:45,1930.00,1,B
09:22:45,1930.00,9,B
09:22:45,1930.30,4,B
09:22:44,1930.30,1,B
09:22:44,1930.00,1,B
09:22:44,1930.00,1,B
09:22:44,1930.00,30,B
09:22:44,1930.40,1,M
09:22:44,1930.40,1,M
09:22:44,1930.00,2,B
09:22:44,1930.00,16,B
09:22:44,1930.40,2,M
09:22:44,1930.00,1,B
09:22:43,1930.20,1,B
09:22:43,1930.30,4,B
09:22:43,1930.30,1,M
09:22:43,1930.10,1,B
09:22:43,1930.00,1,B
09:22:42,1930.00,11,B
09:22:42,1930.00,16,B
09:22:42,1930.00,3,B
09:22:42,1930.00,10,B
09:22:42,1930.00,17,B
09:22:42,1930.00,2,B
09:22:42,1930.00,5,B
09:22:42,1930.00,2,B
09:22:42,1930.00,23,B
09:22:42,1930.00,2,B
09:22:42,1930.00,1,B
09:22:42,1930.00,20,B
09:22:42,1930.00,15,B
09:22:42,1930.00,4,B
09:22:42,1930.00,1,B
09:22:42,1930.00,10,B
09:22:42,1930.00,6,B
09:22:42,1930.00,2,B
09:22:42,1930.00,10,B
09:22:42,1930.00,1,B
09:22:42,1930.10,1,B
09:22:42,1930.10,1,B
09:22:42,1930.10,1,B
09:22:42,1930.10,1,B
09:22:42,1930.10,2,B
09:22:42,1930.10,4,B
09:22:42,1930.10,1,B
09:22:42,1930.10,3,B
09:22:42,1930.10,1,B
09:22:42,1930.10,1,B
09:22:42,1930.10,2,B
09:22:42,1930.10,1,B
09:22:42,1930.10,1,B
09:22:42,1930.10,2,B
09:22:42,1930.10,1,B
09:22:42,1930.10,1,B
09:22:42,1930.10,1,B
09:22:42,1930.20,2,B
09:22:42,1930.20,1,B
09:22:42,1930.20,2,B
09:22:42,1930.20,2,B
09:22:42,1930.20,1,B
09:22:42,1930.30,1,B
09:22:42,1930.30,1,B
09:22:42,1930.30,1,B
09:22:42,1930.30,2,B
09:22:42,1930.30,1,B
09:22:42,1930.50,2,B
09:22:42,1930.60,2,M
09:22:42,1930.30,8,B
09:22:42,1930.30,1,B
09:22:42,1930.30,1,B
09:22:41,1930.30,1,B
09:22:41,1930.50,1,B
09:22:40,1930.50,1,M
09:22:40,1930.40,6,B
09:22:40,1930.40,1,B
09:22:40,1930.40,1,B
09:22:40,1930.40,2,B
09:22:40,1930.40,3,B
09:22:40,1930.40,71,B
09:22:40,1930.50,5,B
09:22:40,1930.50,5,B
09:22:40,1930.50,51,B
09:22:39,1930.50,24,B
09:22:39,1930.50,3,B
09:22:39,1930.50,3,B
09:22:39,1930.60,5,B
09:22:39,1930.80,1,M
09:22:39,1930.80,1,M
09:22:39,1930.60,1,M
09:22:39,1930.50,2,B
09:22:39,1930.60,1,M
09:22:39,1930.50,3,B
09:22:38,1930.60,1,M
09:22:38,1930.50,2,B
09:22:36,1930.60,1,B
09:22:36,1930.60,2,B
09:22:36,1930.80,1,M
09:22:35,1930.60,9,B
09:22:35,1930.60,1,B
09:22:35,1930.60,2,B
09:22:34,1930.60,1,B
09:22:34,1930.50,1,B
09:22:34,1930.50,1,B
09:22:34,1930.40,3,B
09:22:34,1930.50,6,B
09:22:34,1930.60,1,B
09:22:34,1930.80,2,M
09:22:34,1930.80,1,M
09:22:34,1930.80,1,M
09:22:34,1930.80,1,M
09:22:34,1930.80,1,M
09:22:34,1930.80,1,M
09:22:34,1930.40,3,B
09:22:34,1930.50,2,B
09:22:34,1930.50,2,M
09:22:33,1930.40,1,B
09:22:33,1930.50,1,B
09:22:33,1930.40,1,B
09:22:33,1930.50,6,B
09:22:33,1930.50,2,B
09:22:33,1930.50,1,B
09:22:33,1930.50,1,B
09:22:33,1930.50,1,B
09:22:32,1930.50,1,B
09:22:32,1930.50,1,B
09:22:32,1930.60,8,M
09:22:32,1930.60,2,M
09:22:32,1930.60,1,M
09:22:31,1930.50,1,B
09:22:31,1930.50,1,B
09:22:31,1930.40,1,B
09:22:31,1930.90,1,M
09:22:31,1930.90,1,M
09:22:31,1930.90,1,M
09:22:31,1930.90,10,M
09:22:31,1930.90,10,M
09:22:31,1930.90,1,M
09:22:31,1930.90,9,M
09:22:31,1930.80,2,M
09:22:31,1930.80,3,M
09:22:31,1930.80,1,M
09:22:31,1930.80,1,M
09:22:31,1930.80,1,M
09:22:31,1930.80,1,M
09:22:31,1930.80,1,M
09:22:31,1930.70,1,M
09:22:31,1930.70,5,M
09:22:31,1930.50,1,M
09:22:30,1930.30,2,B
09:22:30,1930.30,1,B
09:22:30,1930.70,2,M
09:22:29,1930.40,1,B
09:22:29,1930.70,3,M
09:22:29,1930.70,2,M
09:22:29,1930.60,1,B
09:22:29,1930.60,1,M
09:22:29,1930.40,1,B
09:22:28,1930.70,1,M
09:22:28,1930.70,2,M
09:22:28,1930.70,2,M
09:22:28,1930.60,1,M
09:22:28,1930.60,1,M
09:22:28,1930.50,1,B
09:22:27,1930.40,1,B
09:22:27,1930.80,1,M
09:22:27,1930.50,1,M
09:22:27,1930.30,1,B
09:22:27,1930.80,1,M
09:22:27,1930.70,1,M
09:22:27,1930.70,1,M
09:22:27,1930.50,1,M
09:22:27,1930.50,8,M
09:22:27,1930.30,1,B
09:22:27,1930.50,2,M
09:22:27,1930.30,1,B
09:22:27,1930.30,1,B
09:22:27,1930.30,1,B
09:22:27,1930.30,1,B
09:22:27,1930.40,1,B
09:22:27,1930.40,1,B
09:22:27,1930.40,1,B
09:22:27,1930.40,2,B
09:22:27,1930.40,22,B
09:22:27,1930.40,1,B
09:22:27,1930.40,8,B
09:22:27,1930.40,2,B
09:22:27,1930.40,2,B
09:22:27,1930.40,1,B
09:22:27,1930.40,1,B
09:22:27,1930.40,2,B
09:22:27,1930.40,2,B
09:22:27,1930.50,20,B
09:22:27,1930.50,10,B
09:22:27,1930.60,4,B
09:22:26,1930.60,1,B
09:22:26,1930.60,1,B
09:22:26,1930.60,2,B
09:22:26,1930.60,1,B
09:22:26,1930.90,1,M
09:22:26,1930.90,3,M
09:22:26,1930.60,1,M
09:22:26,1930.50,3,B
09:22:26,1930.50,1,B
09:22:26,1930.50,1,B
09:22:26,1930.50,6,B
09:22:26,1930.50,1,B
09:22:26,1930.50,1,B
09:22:26,1930.50,1,B
09:22:26,1930.50,1,B
09:22:26,1930.50,2,B
09:22:26,1930.50,1,B
09:22:26,1930.50,1,B
09:22:26,1930.50,4,B
09:22:26,1930.50,1,B
09:22:26,1930.90,6,M
09:22:26,1930.90,1,M
09:22:26,1930.70,1,M
09:22:25,1930.80,1,M
09:22:25,1930.70,1,M
09:22:25,1930.50,1,B
09:22:25,1930.70,2,M
09:22:25,1930.70,1,M
09:22:25,1930.70,1,M
09:22:25,1930.60,1,B
09:22:24,1930.60,2,B
09:22:24,1930.60,1,B
09:22:24,1930.60,1,B
09:22:24,1930.60,1,B
09:22:23,1930.80,3,M
09:22:23,1930.50,1,B
09:22:23,1930.80,2,M
09:22:23,1930.50,1,B
09:22:23,1930.70,1,M
09:22:23,1930.70,2,M
09:22:23,1930.50,1,B
09:22:23,1930.50,1,B
09:22:23,1930.70,1,M
09:22:23,1930.50,1,B
09:22:22,1930.50,3,B
09:22:22,1930.50,1,B
09:22:22,1930.50,2,B
09:22:22,1930.50,2,B
09:22:22,1930.50,2,B
09:22:22,1930.50,4,B
09:22:22,1930.50,2,B
09:22:21,1930.70,2,M
09:22:21,1930.70,1,M
09:22:21,1930.70,1,M
09:22:21,1930.60,5,B
09:22:21,1930.70,1,B
09:22:21,1930.70,1,B
09:22:20,1931.00,1,M
09:22:20,1931.00,1,M
09:22:20,1931.00,1,M
09:22:20,1930.90,1,M
09:22:20,1930.80,2,M
09:22:20,1930.60,2,B
09:22:20,1930.70,2,B
09:22:20,1930.60,1,B
09:22:20,1930.70,2,B
09:22:20,1930.70,3,B
09:22:19,1930.60,1,B
09:22:19,1930.70,1,B
09:22:19,1930.70,1,B
09:22:19,1930.70,2,B
09:22:19,1930.60,6,B
09:22:19,1930.60,1,B
09:22:19,1930.60,1,B
09:22:19,1930.60,2,B
09:22:19,1930.60,1,B
09:22:19,1930.70,1,M
09:22:18,1930.70,10,B
09:22:18,1930.70,4,B
09:22:18,1930.70,1,B
09:22:18,1930.70,1,B
09:22:18,1931.00,1,M
09:22:18,1930.70,1,B
09:22:17,1930.70,1,B
09:22:17,1931.10,1,M
09:22:17,1931.00,1,M
09:22:17,1931.10,2,M
09:22:17,1930.70,1,B
09:22:16,1931.10,2,M
09:22:16,1931.10,1,M
09:22:16,1931.10,1,M
09:22:16,1931.10,1,M
09:22:16,1931.00,1,M
09:22:16,1930.70,1,B
09:22:16,1931.00,1,M
09:22:16,1931.00,1,M
09:22:16,1931.10,4,M
09:22:16,1931.10,1,M
09:22:16,1931.00,1,M
09:22:16,1931.00,1,M
09:22:16,1931.00,1,M
09:22:16,1931.00,3,M
09:22:16,1931.00,1,M
09:22:16,1931.00,1,M
09:22:16,1931.00,5,M
09:22:16,1931.00,1,M
09:22:16,1931.00,1,M
09:22:15,1930.50,1,B
09:22:15,1930.90,1,M
09:22:15,1930.90,5,M
09:22:15,1930.50,2,B
09:22:15,1930.60,1,B
09:22:15,1930.90,1,M
09:22:15,1930.90,2,M
09:22:15,1930.60,2,B
09:22:15,1930.70,1,B
09:22:14,1930.70,1,B
09:22:14,1931.00,1,M
09:22:13,1931.10,1,M
09:22:13,1931.10,1,M
09:22:13,1931.00,2,M
09:22:13,1931.00,1,M
09:22:13,1931.00,1,M
09:22:13,1930.90,1,M
09:22:13,1930.90,2,M
09:22:13,1930.80,10,M
09:22:13,1930.50,1,B
09:22:13,1930.80,48,B
09:22:13,1930.70,6,M
09:22:13,1930.70,1,M
09:22:13,1930.50,2,B
09:22:13,1930.50,2,B
09:22:13,1930.70,1,M
09:22:13,1930.50,1,B
09:22:13,1930.50,2,B
09:22:13,1930.50,1,B
09:22:13,1930.50,1,B
09:22:13,1930.50,2,B
09:22:13,1930.50,1,B
09:22:13,1930.50,1,B
09:22:13,1930.70,5,M
09:22:12,1930.60,1,B
09:22:12,1930.60,1,B
09:22:12,1930.60,1,B
09:22:12,1930.60,2,B
09:22:12,1930.60,5,B
09:22:12,1930.60,3,B
09:22:12,1930.60,1,B
09:22:12,1930.60,5,B
09:22:12,1930.60,1,B
09:22:12,1930.60,2,B
09:22:12,1930.60,1,B
09:22:12,1930.60,1,B
09:22:12,1930.60,1,B
09:22:12,1930.60,2,B
09:22:12,1930.60,1,B
09:22:12,1930.70,3,M
09:22:12,1930.70,2,B
09:22:12,1930.70,1,B
09:22:12,1930.70,1,B
09:22:12,1930.70,5,B
09:22:12,1930.70,3,B
09:22:12,1930.70,2,B
09:22:12,1930.70,4,B
09:22:12,1930.80,1,B
09:22:12,1930.80,1,B
09:22:12,1930.80,1,B
09:22:12,1930.80,3,B
09:22:12,1930.80,1,B
09:22:12,1930.90,1,B
09:22:12,1931.00,1,B
09:22:12,1931.00,5,B
09:22:12,1931.30,1,M
09:22:12,1931.30,1,M
09:22:12,1931.00,1,B
09:22:12,1931.00,1,B
09:22:11,1930.90,1,B
09:22:11,1931.00,1,B
09:22:11,1930.90,1,B
09:22:11,1930.90,1,B
09:22:11,1930.90,1,B
09:22:11,1930.90,1,B
09:22:11,1930.90,1,B
09:22:11,1931.00,1,M
09:22:11,1931.00,1,B
09:22:11,1930.80,1,B
09:22:11,1930.80,4,B
09:22:11,1931.30,1,M
09:22:11,1931.30,1,M
09:22:11,1931.30,1,M
09:22:11,1931.30,1,M
09:22:11,1931.30,1,M
09:22:11,1931.30,1,M
09:22:11,1931.00,1,M
09:22:11,1931.00,2,M
09:22:11,1930.90,1,M
09:22:11,1930.90,4,B
09:22:11,1930.90,1,B
09:22:11,1931.00,3,M
09:22:11,1931.00,2,M
09:22:11,1930.80,1,B
09:22:10,1930.90,1,B
09:22:10,1930.90,1,B
09:22:10,1931.00,2,B
09:22:09,1931.00,1,B
09:22:09,1931.00,1,B
09:22:09,1931.00,1,B
09:22:09,1931.00,2,B
09:22:09,1931.00,1,B
09:22:09,1931.00,1,B
09:22:08,1931.30,1,M
09:22:08,1931.30,1,M
09:22:08,1931.30,1,M
09:22:08,1931.20,1,M
09:22:08,1931.20,1,M
09:22:08,1931.20,3,M
09:22:08,1931.00,15,B
09:22:08,1931.10,4,B
09:22:08,1931.10,1,M
09:22:08,1931.10,1,M
09:22:08,1931.10,3,M
09:22:08,1931.10,3,M
09:22:08,1931.00,1,M
09:22:08,1931.00,5,M
09:22:08,1931.00,1,M
09:22:08,1931.00,2,M
09:22:08,1931.00,4,M
09:22:08,1930.80,2,B
09:22:08,1931.00,1,M
09:22:08,1930.80,2,B
09:22:08,1930.90,8,M
09:22:08,1930.90,5,M
09:22:08,1930.90,5,M
09:22:08,1930.90,2,M
09:22:07,1930.80,1,B
09:22:07,1931.00,31,M
09:22:07,1931.00,1,M
09:22:07,1931.00,3,M
09:22:07,1931.00,1,M
09:22:07,1931.00,1,M
09:22:07,1931.00,2,M
09:22:07,1931.00,2,M
09:22:07,1931.00,1,M
09:22:07,1931.00,1,M
09:22:07,1931.00,1,M
09:22:07,1931.00,1,M
09:22:07,1931.00,1,M
09:22:07,1931.00,3,M
09:22:07,1931.00,1,M
09:22:07,1931.00,7,M
09:22:07,1930.80,1,B
09:22:07,1930.90,1,B
09:22:07,1931.00,20,M
09:22:07,1931.00,11,M
09:22:07,1931.00,30,M
09:22:06,1931.00,8,M
09:22:06,1930.90,1,B
09:22:06,1931.00,5,M
09:22:06,1931.00,12,M
09:22:06,1931.00,9,M
09:22:05,1930.90,5,B
09:22:05,1931.00,2,M
09:22:05,1931.00,3,M
09:22:05,1931.00,4,M
09:22:05,1931.00,5,M
09:22:05,1931.00,1,M
09:22:05,1931.00,1,M
09:22:05,1931.00,1,M
09:22:05,1930.70,2,B
09:22:05,1930.90,1,B
09:22:05,1931.00,1,M
09:22:05,1931.00,7,M
09:22:05,1930.70,1,B
09:22:05,1931.00,1,M
09:22:05,1931.00,1,M
09:22:05,1931.00,1,M
09:22:04,1931.00,10,M
09:22:04,1930.90,4,M
09:22:04,1930.90,1,M
09:22:04,1930.90,1,M
09:22:04,1930.70,1,B
09:22:04,1931.00,5,M
09:22:04,1930.70,1,B
09:22:04,1931.00,38,M
09:22:04,1931.00,1,M
09:22:03,1931.00,1,M
09:22:03,1930.70,1,B
09:22:03,1931.00,2,M
09:22:03,1931.00,2,M
09:22:03,1930.90,1,M
09:22:03,1930.70,1,B
09:22:02,1930.90,2,M
09:22:02,1930.70,3,B
09:22:02,1930.70,2,B
09:22:02,1930.90,4,M
09:22:02,1930.70,1,B
09:22:02,1930.90,4,M
09:22:02,1930.90,2,M
09:22:02,1930.90,1,M
09:22:02,1930.90,3,M
09:22:02,1930.90,2,M
09:22:02,1930.90,3,M
09:22:02,1930.90,1,M
09:22:02,1930.80,1,B
09:22:01,1930.70,2,B
09:22:01,1930.90,1,M
09:22:01,1930.90,9,M
09:22:01,1930.60,1,B
09:22:01,1930.90,5,M
09:22:01,1930.60,3,B
09:22:01,1930.60,1,B
09:22:01,1930.60,5,B
09:22:01,1930.90,2,M
09:22:00,1930.90,4,M
09:22:00,1930.90,1,M
09:22:00,1930.90,1,M
09:22:00,1930.60,1,B
09:22:00,1930.60,1,B
09:22:00,1930.90,1,M
09:22:00,1930.90,1,M
09:22:00,1930.80,1,M
09:22:00,1930.60,1,B
09:22:00,1930.80,1,M
09:21:59,1930.60,1,B
09:21:59,1930.60,1,B
09:21:59,1930.60,1,B
09:21:59,1930.60,2,B
09:21:59,1930.60,1,B
09:21:59,1930.60,1,M
09:21:59,1930.60,4,M
09:21:58,1930.50,1,B
09:21:58,1930.50,3,B
09:21:58,1930.60,2,M
09:21:58,1930.60,1,M
09:21:58,1930.60,1,M
09:21:58,1930.60,7,M
09:21:58,1930.60,1,M
09:21:58,1930.60,4,M
09:21:58,1930.50,4,B
09:21:58,1930.50,1,B
09:21:57,1930.60,7,M
09:21:57,1930.60,1,M
09:21:57,1930.60,1,M
09:21:57,1930.60,3,M
09:21:57,1930.60,1,M
09:21:57,1930.50,1,B
09:21:57,1930.60,5,M
09:21:57,1930.60,1,M
09:21:56,1930.50,1,B
09:21:56,1930.60,3,M
09:21:56,1930.60,1,M
09:21:56,1930.60,2,M
09:21:56,1930.50,1,B
09:21:56,1930.60,2,M
09:21:55,1930.60,2,M
09:21:55,1930.50,1,B
09:21:55,1930.50,1,B
09:21:55,1930.50,1,B
09:21:55,1930.50,1,B
09:21:55,1930.50,1,B
09:21:55,1930.50,1,B
09:21:55,1930.60,1,B
09:21:55,1930.50,1,B
09:21:55,1930.70,1,B
09:21:55,1930.60,19,M
09:21:55,1930.60,1,B
09:21:54,1930.60,1,B
09:21:54,1931.00,1,M
09:21:54,1930.90,1,M
09:21:54,1930.90,1,M
09:21:54,1930.70,1,B
09:21:54,1930.70,1,B
09:21:54,1931.00,5,M
09:21:53,1931.00,1,M
09:21:53,1931.00,1,M
09:21:53,1930.80,1,B
09:21:53,1931.00,4,M
09:21:53,1930.90,6,B
09:21:53,1930.60,1,B
09:21:53,1930.60,1,B
09:21:53,1931.00,1,M
09:21:53,1930.60,1,B
09:21:53,1930.60,1,B
09:21:53,1930.70,1,B
09:21:53,1930.90,10,B
09:21:53,1931.00,2,M
09:21:53,1931.00,1,M
09:21:52,1931.00,1,M
09:21:52,1930.90,11,M
09:21:52,1930.90,6,M
09:21:52,1930.90,31,B
09:21:52,1930.90,11,B
09:21:52,1930.90,11,M
09:21:52,1930.90,1,M
09:21:52,1930.90,11,M
09:21:52,1930.90,11,M
09:21:52,1930.90,1,M
09:21:52,1930.90,2,M
09:21:51,1930.60,19,B
09:21:51,1930.70,1,B
09:21:51,1930.70,1,B
09:21:51,1930.70,1,B
09:21:51,1930.90,1,M
09:21:51,1930.70,1,B
09:21:51,1930.90,6,M
09:21:51,1930.90,3,M
09:21:51,1930.80,1,M
09:21:51,1930.80,1,M
09:21:51,1930.60,1,B
09:21:51,1930.90,25,M
09:21:51,1930.90,1,M
09:21:51,1930.90,1,M
09:21:51,1930.90,2,M
09:21:51,1930.80,11,M
09:21:51,1930.60,4,B
09:21:51,1930.90,2,M
09:21:51,1930.90,1,M
09:21:50,1930.60,1,B
09:21:50,1930.60,4,B
09:21:50,1930.60,1,B
09:21:50,1930.90,2,M
09:21:50,1930.90,1,M
09:21:50,1930.80,2,B
09:21:50,1930.90,1,M
09:21:50,1930.90,1,M
09:21:49,1931.00,10,M
09:21:49,1930.50,1,B
09:21:49,1930.60,1,B
09:21:49,1931.00,3,M
09:21:49,1931.00,1,M
09:21:49,1930.60,1,B
09:21:49,1931.00,5,M
09:21:49,1930.90,2,B
09:21:49,1931.00,6,M
09:21:49,1931.00,2,M
09:21:49,1930.60,1,B
09:21:49,1931.00,12,M
09:21:48,1931.00,10,M
09:21:48,1931.00,25,M
09:21:48,1930.90,1,M
09:21:48,1930.90,5,B
09:21:48,1930.90,1,B
09:21:48,1931.00,9,M
09:21:48,1930.80,1,M
09:21:48,1930.60,2,B
09:21:48,1930.60,1,B
09:21:48,1930.60,1,B
09:21:48,1931.00,1,M
09:21:48,1930.60,1,B
09:21:48,1930.70,3,B
09:21:48,1930.80,3,B
09:21:48,1930.80,1,B
09:21:48,1930.80,1,B
09:21:48,1930.80,1,B
09:21:48,1930.90,5,M
09:21:48,1930.90,1,B
09:21:48,1930.90,1,B
09:21:48,1930.90,1,B
09:21:48,1930.90,1,B
09:21:48,1931.00,20,M
09:21:48,1930.90,1,B
09:21:48,1930.90,1,B
09:21:48,1931.00,1,M
09:21:48,1931.00,3,B
09:21:48,1931.00,1,B
09:21:48,1931.00,2,B
09:21:48,1931.10,1,B
09:21:48,1931.30,2,B
09:21:48,1931.50,8,M
09:21:48,1931.50,1,M
09:21:48,1931.30,1,M
09:21:47,1931.30,7,M
09:21:47,1931.10,1,B
09:21:47,1931.10,2,B
09:21:47,1931.10,1,B
09:21:47,1931.10,1,B
09:21:47,1931.30,1,M
09:21:47,1931.30,1,M
09:21:47,1931.10,1,M
09:21:47,1931.00,1,M
09:21:47,1931.30,1,M
09:21:46,1931.30,20,M
09:21:46,1931.30,1,M
09:21:46,1931.30,2,M
09:21:46,1931.30,1,M
09:21:46,1931.20,1,M
09:21:46,1931.20,1,M
09:21:46,1931.20,1,M
09:21:46,1931.20,1,M
09:21:46,1931.20,1,M
09:21:46,1931.20,1,M
09:21:46,1931.20,1,M
09:21:46,1930.70,1,B
09:21:46,1930.70,2,B
09:21:46,1931.10,1,B
09:21:46,1931.10,1,M
09:21:46,1931.10,1,B
09:21:46,1930.80,1,B
09:21:46,1930.80,1,B
09:21:46,1931.30,2,M
09:21:46,1930.90,1,B
09:21:46,1930.90,1,B
09:21:46,1930.90,1,B
09:21:46,1931.10,1,B
09:21:46,1931.10,1,B
09:21:46,1931.30,1,M
09:21:46,1931.10,1,M
09:21:46,1930.90,2,B
09:21:46,1930.90,1,B
09:21:46,1931.00,1,M
09:21:45,1931.00,1,B
09:21:45,1931.00,1,B
09:21:45,1931.30,16,M
09:21:45,1931.30,2,M
09:21:45,1931.10,1,B
09:21:45,1931.20,1,B
09:21:45,1931.30,1,M
09:21:45,1931.30,1,M
09:21:45,1931.20,1,B
09:21:45,1931.30,1,M
09:21:45,1931.20,1,B
09:21:45,1931.20,1,B
09:21:45,1931.30,1,M
09:21:45,1931.30,1,M
09:21:45,1931.30,1,M
09:21:45,1931.30,1,M
09:21:44,1931.20,1,B
09:21:44,1931.20,1,B
09:21:44,1931.30,1,B
09:21:44,1931.50,1,B
09:21:44,1931.40,2,M
09:21:44,1931.40,1,B
09:21:44,1931.40,1,B
09:21:44,1931.90,1,M
09:21:44,1931.60,1,M
09:21:44,1931.60,4,M
09:21:44,1931.50,1,M
09:21:44,1931.40,1,M
09:21:44,1931.30,1,M
09:21:44,1931.60,5,M
09:21:44,1931.60,2,M
09:21:44,1931.50,1,M
09:21:44,1931.50,1,M
09:21:44,1931.10,1,B
09:21:44,1931.50,1,M
09:21:44,1931.30,1,M
09:21:44,1931.10,1,M
09:21:44,1931.40,1,B
09:21:44,1931.40,1,B
09:21:44,1931.90,1,M
09:21:44,1931.40,1,B
09:21:44,1931.90,12,M
09:21:44,1931.80,1,M
09:21:44,1931.80,1,M
09:21:44,1931.80,1,M
09:21:44,1931.70,1,M
09:21:44,1931.70,2,M
09:21:44,1931.70,3,M
09:21:44,1931.70,1,M
09:21:44,1931.60,2,M
09:21:44,1931.60,1,M
09:21:44,1931.40,1,B
09:21:44,1931.20,1,M
09:21:44,1931.50,3,M
09:21:44,1931.50,1,M
09:21:44,1931.50,1,M
09:21:44,1931.40,3,M
09:21:44,1931.40,3,M
09:21:44,1931.40,3,M
09:21:44,1931.40,2,M
09:21:44,1931.40,3,M
09:21:44,1931.40,2,M
09:21:44,1931.40,3,M
09:21:44,1931.30,3,M
09:21:44,1931.30,2,M
09:21:44,1931.20,1,M
09:21:44,1930.50,1,B
09:21:44,1930.60,1,B
09:21:44,1930.60,1,B
09:21:44,1930.60,1,B
09:21:44,1930.70,1,B
09:21:44,1931.30,1,M
09:21:44,1931.20,2,M
09:21:44,1930.70,1,B
09:21:44,1931.20,1,M
09:21:44,1931.20,2,M
09:21:44,1931.10,2,M
09:21:44,1930.90,1,M
09:21:44,1931.10,1,M
09:21:44,1930.90,1,M
09:21:44,1931.00,1,M
09:21:44,1930.90,1,B
09:21:44,1931.30,1,M
09:21:44,1931.00,1,B
09:21:44,1930.40,2,B
09:21:44,1930.40,3,B
09:21:44,1930.50,3,B
09:21:44,1930.50,1,B
09:21:44,1930.50,3,B
09:21:44,1930.50,4,B
09:21:44,1930.60,3,B
09:21:44,1930.60,3,B
09:21:44,1930.60,3,B
09:21:44,1930.60,1,B
09:21:44,1930.80,2,B
09:21:44,1930.90,1,B
09:21:44,1931.20,1,B
09:21:44,1931.40,1,M
09:21:44,1931.20,1,B
09:21:44,1931.20,1,B
09:21:44,1931.30,3,B
09:21:44,1931.30,1,M
09:21:44,1931.30,1,M
09:21:44,1931.90,8,M
09:21:44,1931.90,2,M
09:21:44,1931.90,1,M
09:21:44,1931.90,1,M
09:21:44,1931.90,17,M
09:21:44,1931.80,1,M
09:21:44,1931.80,15,M
09:21:44,1931.80,6,M
09:21:44,1931.70,12,M
09:21:44,1931.60,1,M
09:21:44,1931.60,1,M
09:21:44,1931.50,1,M
09:21:44,1930.70,3,M
09:21:44,1930.70,3,M
09:21:44,1930.70,3,M
09:21:44,1931.00,3,B
09:21:44,1931.00,2,B
09:21:44,1931.10,5,B
09:21:44,1931.20,1,B
09:21:44,1931.50,4,B
09:21:44,1931.60,1,M
09:21:44,1931.50,1,B
09:21:44,1931.60,1,M
09:21:43,1931.80,5,M
09:21:43,1931.80,1,M
09:21:43,1931.80,18,M
09:21:43,1931.80,1,M
09:21:43,1931.80,5,M
09:21:43,1931.80,10,M
09:21:43,1931.80,10,M
09:21:43,1931.80,1,M
09:21:43,1931.80,1,M
09:21:43,1931.70,2,M
09:21:43,1931.70,2,M
09:21:43,1931.70,4,M
09:21:43,1931.70,1,M
09:21:43,1931.70,1,M
09:21:43,1931.70,10,M
09:21:43,1931.70,1,M
09:21:43,1931.60,1,M
09:21:43,1931.60,1,M
09:21:43,1931.60,1,M
09:21:43,1931.50,2,M
09:21:43,1931.50,2,M
09:21:43,1931.50,1,M
09:21:43,1931.50,1,M
09:21:43,1931.50,2,M
09:21:43,1931.50,2,M
09:21:43,1931.50,1,M
09:21:43,1931.40,1,M
09:21:43,1931.40,3,M
09:21:43,1931.40,1,M
09:21:43,1931.30,5,M
09:21:43,1931.30,1,M
09:21:43,1931.30,2,M
09:21:43,1931.30,10,M
09:21:43,1931.20,1,M
09:21:43,1931.20,1,M
09:21:43,1931.10,1,M
09:21:43,1931.10,1,M
09:21:43,1931.10,1,M
09:21:43,1931.00,1,M
09:21:43,1931.00,1,M
09:21:43,1931.00,1,M
09:21:43,1931.00,3,M
09:21:43,1931.00,1,M
09:21:43,1931.00,1,M
09:21:43,1931.00,1,M
09:21:43,1931.00,1,M
09:21:43,1931.00,3,M
09:21:43,1931.00,1,M
09:21:43,1931.00,1,M
09:21:43,1931.00,5,M
09:21:43,1931.00,3,M
09:21:43,1931.00,1,M
09:21:43,1931.00,2,M
09:21:43,1931.00,13,M
09:21:43,1931.00,26,M
09:21:43,1931.00,1,M
09:21:43,1931.00,1,M
09:21:43,1930.90,1,M
09:21:43,1930.90,9,M
09:21:43,1930.90,19,M
09:21:43,1930.90,2,M
09:21:43,1930.90,1,M
09:21:43,1930.90,2,M
09:21:43,1930.90,1,M
09:21:43,1930.90,10,M
09:21:43,1930.90,10,M
09:21:43,1930.90,3,M
09:21:43,1930.90,1,M
09:21:43,1930.80,1,M
09:21:43,1930.80,3,M
09:21:43,1930.80,1,M
09:21:43,1930.80,1,M
09:21:43,1930.80,2,M
09:21:43,1930.80,9,M
09:21:43,1930.80,1,M
09:21:43,1930.80,2,M
09:21:43,1930.70,1,M
09:21:43,1930.70,1,M
09:21:43,1930.70,3,M
09:21:43,1930.70,1,M
09:21:43,1930.70,1,M
09:21:43,1930.70,10,M
09:21:43,1930.70,1,M
09:21:43,1930.70,2,M
09:21:43,1930.70,1,M
09:21:43,1930.70,4,M
09:21:43,1930.70,8,M
09:21:43,1930.60,1,M
09:21:43,1930.60,1,M
09:21:43,1930.60,3,M
09:21:43,1930.60,1,M
09:21:43,1930.60,1,M
09:21:43,1930.50,1,M
09:21:43,1930.50,1,M
09:21:43,1930.50,2,M
09:21:43,1930.50,2,M
09:21:43,1930.50,2,M
09:21:43,1930.50,2,M
09:21:43,1930.50,5,M
09:21:43,1930.50,10,M
09:21:43,1930.40,1,M
09:21:43,1930.40,2,M
09:21:43,1930.40,5,M
09:21:43,1930.40,1,M
09:21:43,1930.40,1,M
09:21:43,1930.40,1,M
09:21:43,1930.30,1,M
09:21:43,1930.30,20,M
09:21:43,1930.30,3,M
09:21:43,1930.20,1,M
09:21:43,1930.20,3,M
09:21:43,1930.20,1,M
09:21:43,1930.20,1,M
09:21:43,1930.20,1,M
09:21:43,1930.10,1,M
09:21:43,1930.10,2,M
09:21:43,1930.00,2,M
09:21:43,1930.00,13,M
09:21:43,1929.80,1,B
09:21:43,1929.80,1,B
09:21:43,1929.80,1,B
09:21:43,1930.00,37,B
09:21:43,1930.20,1,M
09:21:43,1930.00,1,B
09:21:43,1930.00,1,B
09:21:43,1930.00,1,M
09:21:43,1929.80,1,B
09:21:43,1929.80,1,B
09:21:43,1930.00,33,B
09:21:43,1930.30,1,M
09:21:42,1930.20,1,M
09:21:42,1930.10,1,M
09:21:42,1930.00,1,M
09:21:42,1930.00,1,M
09:21:42,1929.70,7,B
09:21:42,1929.70,1,B
09:21:42,1929.80,1,B
09:21:42,1929.90,2,B
09:21:42,1930.00,4,B
09:21:42,1930.00,1,B
09:21:41,1930.30,1,M
09:21:41,1930.30,1,M
09:21:41,1930.30,1,M
09:21:41,1930.20,1,M
09:21:41,1930.20,1,M
09:21:41,1930.10,1,M
09:21:41,1929.70,1,B
09:21:41,1929.70,1,B
09:21:41,1929.70,1,B
09:21:41,1929.80,1,B
09:21:41,1929.80,1,B
09:21:41,1929.80,9,B
09:21:41,1929.90,2,B
09:21:41,1930.00,4,B
09:21:41,1930.00,1,M
09:21:41,1930.00,1,M
09:21:41,1930.10,4,M
09:21:41,1929.90,1,B
09:21:41,1930.10,1,M
09:21:40,1930.10,2,M
09:21:40,1930.00,20,M
09:21:40,1930.00,1,M
09:21:40,1930.00,3,M
09:21:40,1930.00,1,M
09:21:40,1930.00,1,M
09:21:40,1930.00,5,M
09:21:40,1930.00,1,M
09:21:40,1930.00,3,M
09:21:40,1930.00,13,M
09:21:40,1929.90,2,B
09:21:40,1929.80,1,B
09:21:40,1929.80,1,B
09:21:40,1929.90,1,B
09:21:40,1929.90,1,B
09:21:40,1929.80,1,B
09:21:39,1930.00,2,M
09:21:39,1929.80,1,B
09:21:39,1930.00,6,M
09:21:39,1929.80,1,B
09:21:39,1929.80,2,B
09:21:39,1930.00,34,M
09:21:39,1929.80,1,B
09:21:39,1929.80,1,B
09:21:39,1930.00,1,M
09:21:39,1930.00,7,M
09:21:39,1929.90,10,M
09:21:39,1929.90,5,M
09:21:39,1929.90,28,M
09:21:38,1929.90,1,M
09:21:38,1929.80,1,B
09:21:38,1929.90,2,M
09:21:38,1929.90,1,M
09:21:38,1929.70,2,B
09:21:38,1929.90,1,M
09:21:38,1929.80,3,B
09:21:38,1929.80,1,B
09:21:37,1930.00,50,M
09:21:37,1929.80,1,B
09:21:37,1929.90,5,B
09:21:36,1930.00,40,M
09:21:36,1930.00,1,M
09:21:36,1929.70,1,M
09:21:36,1929.60,1,B
09:21:35,1930.00,9,M
09:21:35,1929.80,1,M
09:21:35,1930.00,8,M
09:21:35,1929.90,20,M
09:21:35,1929.90,2,M
09:21:35,1929.90,18,M
09:21:35,1929.80,1,M
09:21:35,1929.80,1,M
09:21:35,1929.60,2,B
09:21:35,1929.70,1,B
09:21:35,1929.70,1,B
09:21:35,1929.80,1,M
09:21:35,1929.70,1,B
09:21:35,1929.90,2,M
09:21:35,1929.80,2,B
09:21:35,1929.80,1,B
09:21:35,1929.80,3,B
09:21:35,1929.80,1,B
09:21:35,1929.80,6,B
09:21:35,1929.80,3,B
09:21:35,1929.80,1,B
09:21:34,1930.00,2,M
09:21:34,1930.00,1,M
09:21:34,1930.00,2,M
09:21:34,1930.00,1,M
09:21:34,1930.00,1,M
09:21:34,1930.00,1,M
09:21:34,1930.00,1,B
09:21:34,1930.00,1,B
09:21:34,1930.00,1,B
09:21:34,1930.00,10,B
09:21:34,1930.00,1,B
09:21:34,1930.00,2,B
09:21:34,1930.00,1,B
09:21:34,1930.00,1,B
