Time,Price,Volume,Side
10:43:11,1967.90,1,M
10:43:11,1967.90,4,M
10:43:11,1967.90,1,M
10:43:10,1967.90,10,M
10:43:10,1967.90,1,B
10:43:10,1968.00,2,M
10:43:09,1968.00,3,M
10:43:09,1968.00,1,M
10:43:09,1968.00,1,M
10:43:09,1968.00,1,M
10:43:09,1968.00,8,M
10:43:09,1967.90,1,M
10:43:09,1968.00,1,M
10:43:09,1968.00,2,M
10:43:09,1968.00,40,M
10:43:09,1968.00,1,M
10:43:09,1968.00,1,M
10:43:09,1968.00,1,M
10:43:09,1968.00,135,M
10:43:09,1967.90,10,M
10:43:09,1967.90,4,M
10:43:09,1967.90,10,M
10:43:09,1967.90,1,M
10:43:09,1967.90,1,M
10:43:09,1967.90,1,M
10:43:09,1967.90,1,M
10:43:09,1967.80,10,M
10:43:09,1967.70,10,M
10:43:09,1967.70,10,M
10:43:09,1967.70,5,M
10:43:09,1967.70,1,M
10:43:09,1967.70,2,M
10:43:09,1967.70,29,M
10:43:08,1967.60,5,M
10:43:08,1967.60,6,M
10:43:08,1967.60,4,M
10:43:08,1967.60,10,M
10:43:08,1967.50,2,M
10:43:08,1967.50,4,M
10:43:08,1967.50,2,M
10:43:08,1967.50,3,M
10:43:08,1967.50,5,M
10:43:08,1967.50,10,M
10:43:08,1967.50,15,M
10:43:08,1967.50,40,M
10:43:08,1967.50,1,M
10:43:07,1967.50,1,M
10:43:07,1967.50,1,M
10:43:07,1967.50,21,M
10:43:07,1967.50,1,M
10:43:07,1967.50,5,M
10:43:07,1967.50,15,M
10:43:07,1967.50,6,M
10:43:06,1967.50,3,M
10:43:06,1967.50,1,M
10:43:06,1967.50,1,M
10:43:06,1967.50,2,M
10:43:06,1967.50,10,M
10:43:06,1967.50,5,M
10:43:06,1967.50,2,M
10:43:06,1967.50,1,M
10:43:05,1967.50,1,M
10:43:05,1967.40,1,M
10:43:05,1967.40,1,M
10:43:05,1967.40,4,M
10:43:04,1967.40,3,M
10:43:03,1967.40,1,M
10:43:03,1967.40,3,M
10:43:03,1967.40,3,M
10:43:03,1967.40,3,M
10:43:02,1967.40,1,M
10:43:01,1967.40,8,M
10:43:00,1967.40,8,M
10:43:00,1967.40,2,M
10:43:00,1967.40,1,M
10:43:00,1967.40,1,M
10:43:00,1967.40,1,M
10:43:00,1967.40,1,M
10:43:00,1967.40,1,M
10:43:00,1967.40,5,M
10:43:00,1967.30,2,B
10:43:00,1967.40,1,M
10:43:00,1967.40,1,M
10:43:00,1967.40,3,M
10:42:59,1967.40,1,M
10:42:57,1967.40,1,M
10:42:57,1967.40,1,M
10:42:56,1967.40,1,M
10:42:56,1967.40,1,M
10:42:56,1967.30,1,M
10:42:55,1967.30,1,M
10:42:55,1967.30,1,M
10:42:55,1967.30,1,M
10:42:55,1967.20,1,M
10:42:55,1967.20,1,M
10:42:55,1967.20,5,M
10:42:53,1967.20,1,M
10:42:51,1967.20,1,M
10:42:51,1967.20,5,M
10:42:50,1967.20,1,M
10:42:50,1967.20,7,M
10:42:50,1967.20,1,M
10:42:50,1967.20,2,M
10:42:48,1967.20,1,M
10:42:48,1967.20,8,M
10:42:44,1966.90,1,B
10:42:44,1967.20,5,M
10:42:42,1967.20,1,M
10:42:41,1967.00,5,M
10:42:41,1967.00,1,M
10:42:41,1967.00,5,B
10:42:41,1967.00,5,B
10:42:41,1967.00,1,B
10:42:41,1967.10,1,B
10:42:41,1967.10,1,B
10:42:41,1967.10,1,B
10:42:40,1967.20,1,M
10:42:40,1967.20,1,M
10:42:39,1967.10,1,B
10:42:39,1967.20,1,M
10:42:39,1967.20,1,M
10:42:39,1967.20,1,M
10:42:37,1967.10,1,B
10:42:37,1967.20,1,M
10:42:37,1967.20,1,M
10:42:37,1967.20,2,M
10:42:35,1967.10,1,M
10:42:35,1967.00,13,M
10:42:35,1967.00,1,M
10:42:35,1967.00,1,B
10:42:35,1967.00,5,B
10:42:33,1967.10,29,M
10:42:31,1966.90,3,B
10:42:31,1967.00,1,M
10:42:31,1967.00,1,M
10:42:31,1967.00,16,M
10:42:30,1966.90,1,M
10:42:28,1966.90,4,M
10:42:28,1967.00,1,M
10:42:28,1967.00,1,M
10:42:28,1966.90,1,B
10:42:27,1967.00,1,M
10:42:25,1967.00,1,M
10:42:25,1967.10,1,M
10:42:25,1967.00,1,B
10:42:24,1967.10,1,M
10:42:24,1967.10,3,M
10:42:24,1967.00,1,M
10:42:24,1967.00,3,M
10:42:24,1967.00,1,M
10:42:24,1967.00,1,M
10:42:24,1967.00,4,M
10:42:22,1967.00,1,M
10:42:22,1967.00,5,M
10:42:22,1967.00,23,M
10:42:22,1966.90,2,M
10:42:21,1967.00,27,M
10:42:21,1967.00,3,M
10:42:21,1967.00,10,M
10:42:20,1967.00,10,M
10:42:19,1967.00,30,M
10:42:19,1967.00,1,M
10:42:19,1966.80,3,B
10:42:19,1966.90,2,B
10:42:18,1967.00,8,M
10:42:16,1966.90,1,M
10:42:15,1966.90,1,M
10:42:14,1966.80,1,B
10:42:12,1966.90,1,M
10:42:12,1966.90,1,M
10:42:12,1966.90,15,M
10:42:12,1966.80,1,M
10:42:12,1966.80,1,M
10:42:10,1966.80,1,M
10:42:10,1966.80,1,M
10:42:07,1966.60,1,B
10:42:06,1966.60,2,B
10:42:06,1966.60,2,B
10:42:06,1966.70,1,B
10:42:06,1966.70,1,B
10:42:03,1966.60,1,B
10:42:03,1966.70,1,B
10:42:02,1966.90,3,M
10:42:01,1966.90,1,M
10:42:01,1966.90,1,B
10:42:01,1966.90,1,B
10:42:01,1967.00,1,M
10:42:01,1967.00,3,M
10:42:00,1966.70,1,M
10:42:00,1966.70,1,B
10:42:00,1966.70,3,B
10:42:00,1966.80,1,B
10:41:59,1967.00,1,M
10:41:59,1967.00,1,M
10:41:58,1966.90,1,M
10:41:56,1967.00,1,M
10:41:56,1966.70,1,B
10:41:56,1966.70,1,B
10:41:56,1966.70,1,B
10:41:56,1967.00,10,M
10:41:56,1967.00,1,M
10:41:56,1967.00,1,M
10:41:56,1967.00,1,M
10:41:55,1966.70,1,B
10:41:55,1966.70,1,B
10:41:55,1967.00,1,M
10:41:55,1967.00,1,M
10:41:55,1967.00,1,M
10:41:55,1967.00,1,M
10:41:54,1967.00,1,M
10:41:53,1967.00,3,M
10:41:52,1966.70,2,M
10:41:52,1967.00,5,M
10:41:52,1966.90,4,M
10:41:52,1966.90,6,M
10:41:52,1966.90,2,M
10:41:52,1966.90,1,M
10:41:52,1966.90,1,M
10:41:52,1966.90,20,M
10:41:52,1966.90,1,M
10:41:52,1966.90,5,M
10:41:52,1966.90,5,M
10:41:52,1966.80,1,M
10:41:52,1966.80,1,M
10:41:52,1966.70,1,M
10:41:50,1966.60,3,B
10:41:49,1966.80,1,M
10:41:48,1966.60,1,B
10:41:48,1966.60,1,B
10:41:48,1966.80,4,M
10:41:48,1966.80,3,M
10:41:48,1966.70,1,M
10:41:47,1966.70,1,M
10:41:46,1966.60,3,B
10:41:45,1966.60,1,B
10:41:44,1966.70,1,B
10:41:44,1966.70,1,B
10:41:42,1966.70,1,B
10:41:39,1966.60,3,B
10:41:39,1966.70,1,B
10:41:38,1966.60,1,B
10:41:36,1966.90,1,M
10:41:36,1966.60,3,B
10:41:36,1966.90,1,M
10:41:35,1966.90,1,M
10:41:35,1966.90,2,M
10:41:34,1966.90,1,M
10:41:34,1966.90,1,M
10:41:34,1966.60,2,B
10:41:34,1966.70,1,B
10:41:34,1966.90,1,M
10:41:34,1966.90,2,M
10:41:33,1966.60,2,B
10:41:33,1966.70,1,B
10:41:32,1966.60,1,B
10:41:32,1966.70,1,B
10:41:32,1966.70,1,B
10:41:31,1966.70,1,B
10:41:31,1966.70,1,B
10:41:30,1966.70,1,B
10:41:30,1966.70,3,B
10:41:28,1966.70,3,B
10:41:28,1966.90,1,M
10:41:28,1966.90,1,M
10:41:27,1966.90,1,M
10:41:27,1966.90,1,M
10:41:26,1966.90,1,M
10:41:26,1966.90,1,M
10:41:26,1966.90,1,M
10:41:26,1966.90,4,M
10:41:26,1966.90,1,M
10:41:26,1966.80,1,B
10:41:25,1966.90,2,M
10:41:25,1966.90,2,B
10:41:24,1966.90,3,B
10:41:22,1966.90,9,M
10:41:21,1966.90,3,M
10:41:21,1966.90,5,M
10:41:19,1966.70,3,B
10:41:19,1966.80,1,B
10:41:19,1966.90,3,M
10:41:19,1966.90,2,M
10:41:18,1966.60,1,B
10:41:18,1967.00,3,M
10:41:18,1966.90,5,M
10:41:16,1966.90,5,M
10:41:16,1966.90,1,M
10:41:16,1966.80,1,M
10:41:15,1966.60,2,B
10:41:15,1966.60,1,B
10:41:12,1966.90,13,M
10:41:12,1966.90,2,M
10:41:12,1966.80,2,M
10:41:10,1966.80,1,M
10:41:10,1966.60,3,B
10:41:08,1966.80,2,B
10:41:08,1966.90,1,M
10:41:05,1966.60,2,B
10:41:05,1966.60,1,B
10:41:02,1966.80,1,B
10:41:00,1967.00,1,M
10:41:00,1966.90,1,M
10:40:59,1966.60,4,B
10:40:59,1966.60,3,B
10:40:59,1966.80,3,B
10:40:55,1966.60,1,B
10:40:55,1966.60,3,B
10:40:54,1966.60,6,B
10:40:54,1966.90,1,M
10:40:54,1966.60,1,B
10:40:53,1966.60,3,B
10:40:51,1966.60,1,B
10:40:50,1966.60,1,B
10:40:50,1967.00,1,M
10:40:48,1967.00,4,M
10:40:48,1967.00,1,M
10:40:48,1966.90,1,M
10:40:48,1966.90,2,M
10:40:47,1966.60,1,B
10:40:47,1966.60,1,B
10:40:47,1966.80,1,B
10:40:43,1966.90,2,M
10:40:40,1966.80,2,B
10:40:40,1966.80,3,M
10:40:39,1966.80,1,B
10:40:39,1966.90,1,M
10:40:37,1966.80,2,B
10:40:34,1967.00,1,M
10:40:34,1967.00,8,M
10:40:34,1966.90,1,M
10:40:34,1966.90,1,M
10:40:34,1966.90,9,M
10:40:33,1966.80,1,B
10:40:32,1966.80,4,B
10:40:30,1966.80,5,M
10:40:29,1966.60,2,B
10:40:29,1966.60,1,B
10:40:29,1966.60,1,B
10:40:28,1966.60,2,B
10:40:28,1966.60,2,B
10:40:28,1966.80,1,B
10:40:28,1966.80,1,B
10:40:27,1966.90,1,M
10:40:25,1966.80,7,M
10:40:25,1966.80,1,M
10:40:25,1966.70,1,B
10:40:25,1966.70,1,M
10:40:25,1966.60,4,B
10:40:25,1966.60,1,B
10:40:25,1966.60,5,B
10:40:24,1966.70,2,M
10:40:23,1966.80,2,B
10:40:23,1966.70,1,M
10:40:22,1966.60,4,B
10:40:22,1966.70,1,B
10:40:21,1966.70,9,B
10:40:21,1966.70,1,B
10:40:20,1966.70,1,B
10:40:19,1966.80,2,B
10:40:19,1967.30,3,M
10:40:19,1967.20,2,M
10:40:19,1967.20,4,M
10:40:19,1966.90,10,M
10:40:19,1967.10,1,M
10:40:19,1967.10,1,M
10:40:19,1966.90,2,M
10:40:19,1966.90,1,M
10:40:18,1966.90,2,M
10:40:18,1966.60,1,B
10:40:18,1966.60,2,B
10:40:18,1966.60,1,B
10:40:18,1966.70,1,B
10:40:18,1966.70,1,B
10:40:18,1966.70,2,B
10:40:18,1966.70,1,B
10:40:18,1966.70,1,B
10:40:18,1966.90,1,M
10:40:18,1966.90,1,M
10:40:18,1966.90,1,M
10:40:18,1966.90,2,M
10:40:18,1966.80,3,M
10:40:18,1966.80,3,B
10:40:17,1966.80,2,B
10:40:17,1966.80,1,B
10:40:17,1966.80,1,B
10:40:16,1966.80,1,B
10:40:16,1966.80,1,B
10:40:16,1966.80,2,B
10:40:15,1966.80,2,B
10:40:15,1966.90,2,M
10:40:14,1966.80,1,B
10:40:13,1966.90,2,B
10:40:12,1966.90,1,B
10:40:12,1966.90,1,B
10:40:12,1966.90,1,B
10:40:12,1966.90,7,B
10:40:12,1966.90,10,B
10:40:12,1967.00,1,M
10:40:12,1966.90,10,B
10:40:12,1967.00,17,M
10:40:12,1966.90,10,B
10:40:11,1966.90,1,B
10:40:11,1966.90,1,B
10:40:06,1966.90,8,B
10:40:06,1966.90,6,B
10:40:06,1967.00,8,M
10:40:05,1967.00,1,M
10:40:05,1967.00,4,M
10:40:04,1966.90,1,B
10:40:04,1966.90,2,B
10:40:04,1966.90,5,B
10:40:04,1966.90,16,B
10:40:04,1966.90,2,B
10:40:02,1966.90,1,B
10:40:02,1967.00,1,B
10:40:02,1966.90,10,B
10:40:00,1966.90,10,B
10:40:00,1966.90,3,B
10:40:00,1967.00,1,M
10:40:00,1967.00,99,M
10:40:00,1967.00,1,B
10:39:59,1967.40,2,M
10:39:56,1967.00,2,B
10:39:56,1967.00,1,B
10:39:56,1967.00,1,B
10:39:56,1967.00,9,B
10:39:56,1967.10,5,B
10:39:56,1967.10,1,B
10:39:56,1967.10,3,B
10:39:56,1967.10,1,B
10:39:56,1967.10,1,B
10:39:56,1967.10,5,B
10:39:56,1967.10,1,B
10:39:56,1967.10,1,B
10:39:56,1967.10,9,B
10:39:51,1967.10,1,B
10:39:51,1967.10,3,B
10:39:51,1967.20,1,B
10:39:48,1967.50,1,M
10:39:48,1967.10,1,B
10:39:48,1967.20,1,B
10:39:48,1967.50,8,M
10:39:47,1967.20,1,B
10:39:44,1967.50,9,M
10:39:42,1967.10,1,B
10:39:41,1967.50,1,M
10:39:40,1967.50,12,M
10:39:40,1967.50,18,M
10:39:40,1967.10,2,B
10:39:39,1967.50,2,M
10:39:39,1967.50,1,M
10:39:38,1967.50,1,M
10:39:34,1967.10,1,B
10:39:34,1967.10,1,B
10:39:34,1967.10,1,B
10:39:30,1967.10,2,M
10:39:27,1967.10,1,M
10:39:27,1967.10,1,M
10:39:26,1967.10,1,B
10:39:26,1967.10,4,B
10:39:26,1967.10,11,B
10:39:26,1967.20,1,B
10:39:26,1967.20,1,B
10:39:26,1967.30,4,B
10:39:26,1967.30,2,B
10:39:23,1967.50,1,M
10:39:21,1967.50,1,M
10:39:21,1967.50,8,M
10:39:20,1967.50,1,M
10:39:18,1967.50,2,M
10:39:18,1967.40,1,M
10:39:18,1967.40,1,M
10:39:18,1967.30,4,M
10:39:16,1967.30,1,M
10:39:14,1967.10,1,B
10:39:14,1967.10,3,B
10:39:12,1967.10,5,B
10:39:12,1967.40,1,M
10:39:12,1967.40,1,M
10:39:12,1967.40,1,M
10:39:12,1967.40,1,M
10:39:12,1967.40,1,M
10:39:12,1967.40,1,M
10:39:12,1967.40,1,M
10:39:12,1967.40,9,M
10:39:12,1967.40,1,M
10:39:12,1967.00,3,B
10:39:12,1967.00,30,B
10:39:12,1967.00,8,B
10:39:12,1967.00,5,B
10:39:12,1967.00,4,B
10:39:12,1967.00,1,B
10:39:12,1967.00,1,B
10:39:12,1967.00,1,B
10:39:12,1967.00,1,B
10:39:12,1967.00,1,B
10:39:12,1967.00,8,B
10:39:09,1967.00,3,B
10:39:09,1967.00,39,B
10:39:09,1967.00,2,B
10:39:09,1967.00,2,B
10:39:09,1967.00,1,B
10:39:09,1967.00,1,B
10:39:09,1967.00,1,B
10:39:09,1967.00,1,B
10:39:09,1967.00,1,B
10:39:09,1967.00,1,B
10:39:09,1967.00,1,B
10:39:09,1967.00,2,B
10:39:09,1967.00,1,B
10:39:09,1967.00,1,B
10:39:09,1967.10,1,B
10:39:09,1967.10,20,B
10:39:09,1967.10,3,B
10:39:09,1967.10,4,B
10:39:09,1967.10,1,B
10:39:09,1967.10,10,B
10:39:09,1967.20,3,B
10:39:09,1967.20,2,B
10:39:09,1967.20,1,B
10:39:09,1967.20,3,B
10:39:09,1967.20,4,B
10:39:09,1967.20,2,B
10:39:09,1967.20,12,B
10:39:09,1967.30,4,B
10:39:09,1967.30,1,B
10:39:01,1967.30,1,B
10:39:01,1967.30,2,M
10:39:01,1967.20,1,B
10:39:01,1967.30,1,M
10:38:58,1967.20,1,B
10:38:56,1967.40,1,M
10:38:55,1967.40,1,M
10:38:55,1967.40,1,M
10:38:50,1967.50,1,M
10:38:49,1967.50,3,M
10:38:49,1967.40,1,M
10:38:48,1967.50,7,M
10:38:48,1967.50,1,M
10:38:47,1967.20,1,B
10:38:47,1967.50,1,M
10:38:47,1967.50,1,M
10:38:47,1967.20,1,B
10:38:45,1967.40,2,B
10:38:45,1967.50,1,M
10:38:45,1967.50,1,M
10:38:39,1967.50,1,M
10:38:39,1967.20,3,B
10:38:38,1967.20,2,B
10:38:38,1967.40,1,B
10:38:38,1967.40,1,M
10:38:37,1967.20,1,B
10:38:37,1967.20,1,B
10:38:36,1967.40,5,M
10:38:35,1967.20,1,B
10:38:34,1967.20,1,M
10:38:34,1967.20,1,M
10:38:33,1967.10,1,B
10:38:32,1967.10,1,B
10:38:30,1967.10,4,B
10:38:29,1967.10,1,B
10:38:29,1967.10,1,B
10:38:29,1967.10,1,B
10:38:28,1967.10,1,B
10:38:28,1967.10,1,B
10:38:28,1967.10,1,B
10:38:27,1967.10,1,B
10:38:26,1967.00,1,B
10:38:25,1967.00,1,B
10:38:25,1967.00,1,B
10:38:24,1967.00,1,B
10:38:24,1967.00,1,B
10:38:24,1967.10,1,B
10:38:24,1967.10,1,B
10:38:24,1967.10,6,B
10:38:24,1967.10,1,B
10:38:24,1967.10,2,B
10:38:24,1967.20,1,B
10:38:23,1967.10,1,B
10:38:23,1967.10,1,B
10:38:22,1967.10,2,B
10:38:22,1967.10,1,B
10:38:22,1967.10,2,B
10:38:22,1967.10,1,B
10:38:22,1967.10,1,B
10:38:22,1967.20,1,B
10:38:22,1967.20,1,M
10:38:20,1967.20,1,B
10:38:19,1967.50,19,M
10:38:19,1967.20,1,M
10:38:19,1967.10,1,B
10:38:18,1967.20,1,B
10:38:18,1967.50,8,M
10:38:17,1967.10,2,B
10:38:17,1967.20,1,B
10:38:17,1967.20,1,B
10:38:17,1967.50,1,M
10:38:16,1967.20,1,B
10:38:15,1967.20,1,B
10:38:12,1967.20,1,B
10:38:12,1967.50,2,M
10:38:12,1967.30,15,M
10:38:08,1967.20,1,B
10:38:06,1967.20,1,B
10:38:06,1967.20,1,B
10:38:03,1967.20,1,B
10:38:03,1967.20,2,B
10:38:02,1967.20,1,B
10:38:02,1967.20,3,B
10:38:01,1967.20,1,B
10:37:59,1967.20,1,B
10:37:58,1967.20,1,B
10:37:58,1967.30,1,B
10:37:58,1967.30,1,B
10:37:58,1967.30,1,B
10:37:55,1967.40,1,M
10:37:55,1967.40,13,M
10:37:55,1967.40,13,M
10:37:55,1967.40,8,M
10:37:55,1967.40,5,M
10:37:55,1967.40,1,B
10:37:55,1967.40,7,B
10:37:55,1967.40,8,B
10:37:55,1967.40,1,B
10:37:55,1967.40,4,B
10:37:54,1967.40,1,B
10:37:53,1967.50,1,M
10:37:53,1967.50,1,M
10:37:52,1967.50,5,M
10:37:51,1967.50,1,B
10:37:51,1967.60,1,B
10:37:50,1967.50,1,B
10:37:48,1967.70,8,M
10:37:47,1967.70,1,M
10:37:46,1967.70,1,M
10:37:45,1967.70,1,M
10:37:43,1967.70,1,M
10:37:41,1967.60,1,M
10:37:38,1967.60,2,M
10:37:34,1967.60,1,M
10:37:33,1967.40,1,M
10:37:32,1967.40,1,M
10:37:23,1967.40,1,B
10:37:23,1967.40,1,B
10:37:22,1967.30,1,B
10:37:20,1967.40,1,B
10:37:19,1967.50,2,M
10:37:19,1967.50,1,B
10:37:18,1967.60,1,M
10:37:18,1967.60,2,M
10:37:18,1967.50,1,B
10:37:18,1967.50,10,B
10:37:18,1967.50,1,B
10:37:18,1967.50,1,B
10:37:18,1967.60,5,M
10:37:18,1967.60,3,M
10:37:17,1967.50,1,B
10:37:16,1967.60,1,B
10:37:16,1967.60,19,B
10:37:16,1967.60,1,B
10:37:16,1967.80,2,M
10:37:16,1967.80,10,M
10:37:14,1967.90,1,M
10:37:14,1967.50,1,B
10:37:13,1967.50,1,B
10:37:12,1968.00,1,M
10:37:12,1967.90,1,M
10:37:12,1967.90,1,M
10:37:12,1967.90,1,M
10:37:12,1967.90,1,M
10:37:12,1967.90,1,M
10:37:12,1967.90,1,M
10:37:12,1967.90,1,M
10:37:12,1967.90,9,M
10:37:12,1967.40,3,B
10:37:09,1967.90,11,M
10:37:09,1967.90,1,M
10:37:09,1967.90,1,M
10:37:09,1967.80,1,M
10:37:09,1967.70,3,M
10:37:09,1967.60,1,M
10:37:09,1967.60,1,M
10:37:09,1967.40,1,B
10:37:09,1967.40,1,B
10:37:09,1967.40,1,B
10:37:08,1967.60,1,M
10:37:08,1967.50,1,B
10:37:08,1967.50,1,B
10:37:08,1967.50,1,B
10:37:08,1967.50,2,B
10:37:08,1967.50,13,B
10:37:08,1967.50,1,B
10:37:08,1967.50,1,B
10:37:08,1967.50,1,B
10:37:08,1967.50,1,B
10:37:07,1967.60,2,B
10:37:07,1967.50,1,B
10:37:07,1967.50,2,B
10:37:07,1967.50,1,B
10:37:07,1967.70,2,B
10:37:06,1967.90,1,M
10:37:06,1967.90,1,M
10:37:06,1967.70,2,B
10:37:06,1967.70,1,B
10:37:06,1967.70,1,B
10:37:06,1967.70,1,B
10:37:05,1967.70,10,B
10:37:03,1967.90,1,M
10:37:01,1967.90,1,M
10:37:00,1967.90,1,B
10:37:00,1967.90,1,B
10:37:00,1967.90,1,B
10:37:00,1967.90,1,B
10:36:59,1967.90,1,M
10:36:59,1967.70,2,B
10:36:56,1968.00,4,M
10:36:54,1968.00,1,M
10:36:52,1968.00,2,M
10:36:52,1968.00,1,M
10:36:51,1968.00,2,M
10:36:51,1968.00,1,M
10:36:51,1968.00,9,M
10:36:51,1968.00,1,M
10:36:51,1967.90,1,M
10:36:50,1967.90,1,M
10:36:49,1967.90,3,M
10:36:48,1967.90,8,M
10:36:41,1967.90,1,M
10:36:41,1967.90,18,M
10:36:41,1967.90,1,M
10:36:36,1967.90,8,M
10:36:35,1967.70,1,B
10:36:35,1967.90,5,M
10:36:34,1967.80,1,B
10:36:34,1968.00,4,M
10:36:33,1968.00,1,M
10:36:31,1968.00,3,M
10:36:30,1968.00,4,M
10:36:30,1968.00,2,M
10:36:25,1968.00,3,B
10:36:24,1968.00,1,B
10:36:24,1968.00,2,B
10:36:24,1968.00,2,B
10:36:23,1968.00,3,B
10:36:23,1968.00,9,B
10:36:23,1968.00,3,B
10:36:23,1968.00,8,B
10:36:21,1968.00,3,M
10:36:21,1968.00,9,M
10:36:19,1968.00,1,M
10:36:19,1968.00,10,B
10:36:19,1968.20,19,M
10:36:18,1968.20,6,M
10:36:18,1968.10,1,M
10:36:18,1968.10,1,M
10:36:17,1968.00,4,M
10:36:17,1968.00,1,M
10:36:17,1968.00,1,M
10:36:17,1967.90,1,M
10:36:17,1967.80,1,M
10:36:17,1967.50,2,M
10:36:17,1967.50,2,M
10:36:17,1967.40,1,B
10:36:17,1967.50,14,M
10:36:17,1967.50,1,B
10:36:17,1967.50,1,B
10:36:17,1967.50,1,B
10:36:17,1967.50,1,B
10:36:17,1967.50,1,B
10:36:17,1967.60,2,B
10:36:17,1967.60,2,B
10:36:17,1968.00,13,B
10:36:16,1968.00,2,M
10:36:16,1968.00,6,M
10:36:16,1968.00,29,M
10:36:16,1968.00,4,M
10:36:15,1968.00,2,M
10:36:14,1968.00,1,M
10:36:13,1968.00,94,M
10:36:13,1967.90,2,M
10:36:13,1967.90,1,M
10:36:13,1967.90,3,M
10:36:12,1968.00,2,M
10:36:12,1967.90,1,M
10:36:12,1967.80,14,M
10:36:12,1967.50,1,B
10:36:10,1967.90,1,M
10:36:10,1967.90,1,M
10:36:10,1967.40,1,B
10:36:10,1967.40,1,B
10:36:10,1967.50,1,B
10:36:10,1967.50,5,B
10:36:10,1967.70,1,B
10:36:10,1967.70,1,B
10:36:09,1967.90,1,B
10:36:09,1967.90,1,M
10:36:08,1967.90,1,B
10:36:08,1968.00,1,B
10:36:08,1968.00,67,B
10:36:06,1968.00,1,B
10:36:05,1968.20,10,M
10:36:05,1968.20,1,M
10:36:05,1968.20,1,M
10:36:04,1968.20,2,M
10:36:03,1968.00,1,B
10:36:03,1968.20,19,M
10:36:03,1968.20,1,M
10:36:03,1968.10,1,M
10:36:03,1968.10,1,M
10:36:03,1968.10,1,M
10:36:03,1968.10,1,M
10:36:03,1968.10,1,M
10:36:03,1968.10,1,M
10:36:03,1968.10,1,M
10:36:03,1968.10,1,M
10:36:03,1968.10,2,M
10:36:03,1968.10,19,M
10:36:03,1968.10,1,M
10:36:03,1968.10,3,M
10:36:02,1968.10,10,M
10:36:02,1968.10,1,M
10:36:02,1968.10,4,M
10:36:00,1968.10,1,M
10:36:00,1968.00,1,B
10:35:59,1968.10,1,M
10:35:59,1968.00,1,M
10:35:59,1968.00,1,M
10:35:59,1968.00,1,M
10:35:59,1968.00,2,M
10:35:59,1968.00,1,M
10:35:59,1968.00,12,M
10:35:59,1968.00,6,M
10:35:59,1968.00,6,M
10:35:59,1968.00,10,M
10:35:59,1968.00,1,M
10:35:58,1968.00,1,M
10:35:58,1967.50,1,B
10:35:58,1967.50,1,B
10:35:57,1968.00,8,M
10:35:57,1967.90,55,M
10:35:57,1967.90,1,M
10:35:57,1967.80,1,M
10:35:57,1967.80,2,M
10:35:57,1967.70,3,M
10:35:57,1967.70,8,M
10:35:57,1967.70,7,M
10:35:56,1967.70,1,M
10:35:56,1967.50,2,B
10:35:55,1967.70,1,M
10:35:54,1967.70,2,M
10:35:54,1967.50,1,B
10:35:54,1967.50,1,B
10:35:53,1967.50,5,B
10:35:51,1967.70,3,M
10:35:50,1967.70,11,M
10:35:50,1967.70,1,M
10:35:50,1967.70,1,M
10:35:50,1967.70,1,M
10:35:50,1967.70,8,M
10:35:50,1967.60,7,M
10:35:50,1967.60,6,M
10:35:48,1967.50,2,B
10:35:48,1967.60,1,M
10:35:48,1967.60,1,M
10:35:48,1967.60,1,M
10:35:48,1967.60,7,M
10:35:47,1967.60,14,M
10:35:47,1967.60,1,M
10:35:47,1967.50,3,B
10:35:47,1967.50,1,B
10:35:47,1967.60,5,M
10:35:47,1967.50,1,M
10:35:47,1967.50,2,M
10:35:47,1967.50,1,M
10:35:47,1967.50,1,M
10:35:47,1967.50,9,M
10:35:47,1967.50,1,M
10:35:46,1967.50,30,M
10:35:46,1967.50,30,M
10:35:45,1967.50,40,M
10:35:44,1967.00,1,B
10:35:44,1967.00,1,B
10:35:44,1967.00,3,B
10:35:44,1967.00,1,B
10:35:44,1967.00,1,B
10:35:44,1967.00,1,B
10:35:44,1967.00,2,B
10:35:44,1967.00,1,B
10:35:44,1967.00,2,B
10:35:44,1967.00,1,B
10:35:44,1967.00,1,B
10:35:44,1967.00,1,B
10:35:44,1967.10,1,B
10:35:44,1967.20,1,B
10:35:44,1967.20,6,B
10:35:44,1967.20,1,B
10:35:44,1967.20,1,B
10:35:44,1967.50,2,M
10:35:43,1967.50,6,M
10:35:40,1967.50,10,M
10:35:39,1967.20,1,B
10:35:38,1967.20,2,B
10:35:38,1967.30,1,B
10:35:34,1967.20,1,B
10:35:34,1967.20,1,B
10:35:33,1967.50,3,M
10:35:33,1967.40,1,M
10:35:33,1967.40,14,M
10:35:29,1967.50,8,M
10:35:29,1967.40,2,M
10:35:29,1967.40,3,M
10:35:29,1967.20,1,B
10:35:29,1967.40,1,B
10:35:28,1967.50,1,M
10:35:27,1967.50,1,M
10:35:27,1967.50,4,M
10:35:27,1967.50,5,M
10:35:26,1967.40,4,B
10:35:26,1967.50,50,M
10:35:25,1967.40,2,B
10:35:25,1967.50,2,M
10:35:25,1967.50,1,M
10:35:25,1967.40,1,B
10:35:24,1967.40,1,B
10:35:22,1967.50,2,M
10:35:21,1967.40,5,B
10:35:20,1967.60,2,M
10:35:20,1967.40,25,B
10:35:19,1967.40,2,B
10:35:18,1967.60,1,M
10:35:18,1967.60,8,M
10:35:16,1967.60,1,M
10:35:16,1967.60,1,M
10:35:16,1967.60,1,M
10:35:16,1967.60,2,M
10:35:16,1967.50,1,M
10:35:15,1967.20,3,M
10:35:15,1967.20,1,M
10:35:15,1967.00,1,B
10:35:15,1967.00,3,B
10:35:15,1967.00,21,B
10:35:14,1967.10,1,B
10:35:14,1967.20,1,B
10:35:12,1967.70,2,M
10:35:12,1967.70,1,M
10:35:12,1967.70,1,M
10:35:12,1967.70,4,M
10:35:12,1967.60,1,M
10:35:12,1967.60,1,M
10:35:12,1967.60,1,M
10:35:12,1967.50,1,M
10:35:12,1967.50,1,M
10:35:12,1967.40,4,M
10:35:11,1967.40,15,M
10:35:11,1967.30,1,M
10:35:11,1967.20,2,M
10:35:10,1967.20,7,M
10:35:10,1967.10,2,M
10:35:10,1967.10,1,M
10:35:09,1967.00,1,B
10:35:09,1967.00,1,B
10:35:09,1967.00,1,B
10:35:08,1967.00,1,B
10:35:08,1967.10,1,B
10:35:08,1967.10,1,B
10:35:08,1966.70,1,B
10:35:08,1967.20,2,M
10:35:08,1966.70,11,B
10:35:08,1966.70,1,B
10:35:08,1966.80,1,B
10:35:08,1966.80,1,B
10:35:08,1966.80,2,B
10:35:08,1966.80,1,B
10:35:08,1966.80,2,B
10:35:08,1966.80,3,B
10:35:08,1966.80,2,B
10:35:08,1966.80,3,B
10:35:08,1966.80,1,B
10:35:08,1966.80,1,B
10:35:08,1966.80,6,B
10:35:08,1966.90,1,B
10:35:08,1966.90,1,B
10:35:08,1966.90,5,B
10:35:08,1967.00,8,B
10:35:08,1967.00,11,B
10:35:08,1967.00,1,B
10:35:08,1967.00,1,B
10:35:08,1967.00,1,B
10:35:07,1967.20,1,M
10:35:06,1967.50,1,M
10:35:06,1967.50,1,M
10:35:06,1967.40,1,M
10:35:06,1967.40,1,M
10:35:06,1967.30,1,M
10:35:06,1966.90,4,B
10:35:06,1967.10,1,B
10:35:06,1967.10,1,B
10:35:06,1967.10,1,B
10:35:06,1967.20,3,B
10:35:06,1966.90,1,B
10:35:06,1966.90,2,B
10:35:06,1967.20,1,B
10:35:06,1967.70,5,M
10:35:06,1967.70,1,M
10:35:06,1967.70,1,M
10:35:06,1967.70,1,M
10:35:06,1967.60,2,M
10:35:05,1966.80,7,B
10:35:05,1966.90,1,B
10:35:05,1966.90,1,B
10:35:05,1966.90,1,B
10:35:05,1966.90,2,B
10:35:05,1967.10,1,B
10:35:05,1967.10,1,B
10:35:05,1967.10,2,B
10:35:05,1967.10,3,B
10:35:05,1967.10,9,B
10:35:05,1967.20,1,B
10:35:05,1967.20,1,B
10:35:05,1967.20,2,B
10:35:05,1967.20,4,B
10:35:05,1967.30,1,B
10:35:05,1967.30,1,B
10:35:05,1967.40,12,B
10:35:05,1967.80,1,M
10:35:05,1967.40,1,B
10:35:05,1967.40,1,B
10:35:05,1967.40,4,B
10:35:04,1967.60,4,M
10:35:04,1967.60,1,M
10:35:04,1967.10,1,B
10:35:04,1967.70,1,M
10:35:04,1967.70,1,M
10:35:04,1967.60,1,M
10:35:04,1967.50,1,M
10:35:03,1967.50,2,M
10:35:03,1967.50,1,M
10:35:03,1967.20,7,M
10:35:02,1967.10,1,M
10:35:02,1967.10,1,M
10:35:02,1967.10,1,M
10:35:02,1967.10,1,M
10:35:02,1967.00,1,M
10:35:02,1967.00,1,M
10:35:02,1967.00,1,M
10:35:02,1967.00,1,M
10:35:02,1967.00,1,M
10:35:02,1967.00,10,M
10:35:02,1967.00,10,M
10:35:02,1967.00,10,M
10:35:02,1967.00,1,M
10:35:02,1967.00,4,M
10:35:02,1967.00,2,M
10:35:02,1967.00,1,M
10:35:02,1967.00,1,M
10:35:02,1967.00,57,M
10:35:02,1966.80,8,B
10:35:02,1966.90,1,B
10:35:02,1966.90,1,B
10:35:02,1967.00,2,M
10:35:02,1967.00,20,M
10:35:02,1967.00,4,M
10:35:02,1967.00,20,M
10:35:01,1967.00,3,M
10:35:01,1967.00,20,M
10:35:01,1967.00,3,M
10:35:01,1967.00,20,M
10:35:01,1966.90,1,B
10:35:00,1966.90,1,B
10:34:59,1966.90,1,M
10:34:57,1966.80,4,B
10:34:57,1966.80,10,B
10:34:57,1966.80,10,B
10:34:56,1966.80,1,B
10:34:54,1966.80,11,B
10:34:54,1966.90,15,B
10:34:54,1966.90,1,B
10:34:54,1967.00,1,M
10:34:54,1966.80,2,B
10:34:54,1967.00,6,M
10:34:53,1966.80,4,B
10:34:53,1966.80,1,B
10:34:53,1967.00,1,M
10:34:53,1967.00,1,M
10:34:52,1966.90,1,M
10:34:52,1966.90,1,B
10:34:52,1966.90,1,B
10:34:52,1966.90,1,B
10:34:52,1966.90,1,B
10:34:52,1966.90,1,B
10:34:52,1966.90,1,B
10:34:52,1966.90,35,B
10:34:51,1967.00,1,M
10:34:50,1967.00,2,M
10:34:50,1967.00,1,M
10:34:50,1966.90,1,B
10:34:50,1967.00,1,M
10:34:49,1967.00,2,M
10:34:49,1966.90,2,B
10:34:48,1967.00,5,M
10:34:48,1967.00,1,M
10:34:48,1967.00,8,M
10:34:47,1966.90,1,B
10:34:47,1966.90,1,B
10:34:47,1966.90,10,B
10:34:47,1967.00,2,M
10:34:46,1967.00,2,M
10:34:45,1967.00,15,B
10:34:45,1967.00,1,B
10:34:45,1967.00,1,B
10:34:45,1967.00,1,B
10:34:45,1967.10,1,M
10:34:45,1967.00,2,B
10:34:45,1967.00,3,B
10:34:44,1967.00,1,B
10:34:44,1967.00,1,B
10:34:44,1967.00,1,B
10:34:43,1967.00,1,B
10:34:43,1967.00,2,B
10:34:43,1967.00,2,B
10:34:43,1967.00,1,B
10:34:42,1967.00,1,B
10:34:42,1967.00,1,B
10:34:42,1967.00,1,B
10:34:42,1967.00,1,B
10:34:42,1967.00,1,B
10:34:42,1967.00,3,B
10:34:42,1967.00,5,B
10:34:42,1967.00,1,B
10:34:42,1967.00,2,B
10:34:42,1967.00,1,B
10:34:42,1967.00,1,B
10:34:42,1967.00,2,B
10:34:42,1967.00,1,B
10:34:42,1967.00,1,B
10:34:42,1967.00,1,B
10:34:42,1967.00,1,B
10:34:42,1967.00,2,B
10:34:42,1967.00,1,B
10:34:42,1967.00,1,B
10:34:42,1967.00,1,B
10:34:42,1967.00,1,B
10:34:42,1967.00,5,B
10:34:42,1967.00,2,B
10:34:42,1967.00,1,B
10:34:42,1967.00,1,B
10:34:42,1967.00,8,B
10:34:41,1967.00,3,B
10:34:41,1967.00,20,B
10:34:41,1967.00,10,B
10:34:41,1967.00,6,B
10:34:41,1967.00,2,B
10:34:41,1967.00,1,B
10:34:41,1967.00,1,B
10:34:41,1967.00,1,B
10:34:41,1967.00,20,B
10:34:40,1967.20,1,M
10:34:40,1967.00,1,B
10:34:40,1967.00,2,B
10:34:40,1967.00,2,B
10:34:40,1967.00,1,B
10:34:40,1967.00,1,B
10:34:40,1967.00,1,B
10:34:40,1967.10,1,B
10:34:40,1967.10,1,B
10:34:39,1967.00,1,B
10:34:39,1967.00,20,B
10:34:39,1967.00,1,B
10:34:39,1967.00,1,B
10:34:39,1967.00,1,B
10:34:39,1967.00,1,B
10:34:39,1967.10,1,B
10:34:39,1967.30,2,M
10:34:39,1967.10,2,B
10:34:38,1967.20,1,M
10:34:38,1967.10,4,B
10:34:38,1967.10,1,B
10:34:38,1967.10,1,B
10:34:38,1967.10,1,B
10:34:38,1967.10,1,B
10:34:37,1967.10,1,B
10:34:37,1967.10,1,B
10:34:37,1967.10,5,B
10:34:37,1967.10,1,B
10:34:36,1967.30,1,M
10:34:36,1967.30,1,M
10:34:36,1967.30,1,M
10:34:35,1967.30,1,B
10:34:34,1967.30,1,B
10:34:32,1967.10,1,B
10:34:32,1967.10,5,B
10:34:32,1967.10,1,B
10:34:31,1967.20,1,B
10:34:31,1967.10,1,B
10:34:31,1967.20,2,B
10:34:31,1967.20,2,B
10:34:31,1967.20,7,B
10:34:31,1967.30,1,B
10:34:31,1967.40,1,B
10:34:31,1967.20,1,B
10:34:31,1967.30,3,B
10:34:31,1967.30,1,B
10:34:31,1967.30,2,B
10:34:31,1967.30,1,B
10:34:31,1967.30,1,B
10:34:31,1967.30,1,B
10:34:30,1967.90,7,M
10:34:30,1967.80,1,M
10:34:30,1967.80,1,M
10:34:30,1967.80,3,M
10:34:30,1967.80,1,M
10:34:30,1967.70,1,M
10:34:30,1967.70,1,M
10:34:30,1967.70,1,M
10:34:30,1967.30,1,M
10:34:30,1967.30,1,M
10:34:30,1967.20,2,B
10:34:30,1967.20,1,B
10:34:30,1967.20,1,B
10:34:29,1967.20,2,B
10:34:29,1967.20,6,B
10:34:29,1967.30,10,M
10:34:29,1967.10,2,B
10:34:29,1967.10,20,B
10:34:28,1967.10,13,B
10:34:28,1967.10,1,B
10:34:28,1967.10,4,B
10:34:28,1967.10,1,B
10:34:28,1967.10,1,B
10:34:28,1967.10,1,B
10:34:28,1967.10,3,B
10:34:28,1967.10,3,B
10:34:28,1967.10,1,B
10:34:28,1967.10,1,B
10:34:28,1967.20,1,B
10:34:27,1967.20,1,B
10:34:27,1967.20,1,B
10:34:27,1967.20,1,B
10:34:27,1967.20,1,B
10:34:27,1967.20,1,B
10:34:27,1967.20,5,B
10:34:27,1967.20,3,B
10:34:27,1967.20,1,B
10:34:27,1967.20,1,B
10:34:27,1967.20,4,B
10:34:26,1967.20,1,B
10:34:26,1967.30,1,B
10:34:26,1967.30,1,B
10:34:26,1967.30,2,B
10:34:25,1967.30,1,B
10:34:25,1967.30,1,B
10:34:25,1967.30,4,B
10:34:25,1967.30,20,B
10:34:25,1967.30,1,B
10:34:25,1967.30,1,B
10:34:25,1967.30,1,B
10:34:25,1967.30,1,B
10:34:25,1967.30,1,B
10:34:25,1967.30,1,B
10:34:25,1967.30,1,B
10:34:25,1967.30,1,B
10:34:25,1967.30,5,B
10:34:25,1967.30,2,B
10:34:25,1967.30,21,B
10:34:25,1967.50,4,M
10:34:25,1967.50,1,M
10:34:25,1967.50,1,M
10:34:25,1967.50,18,M
10:34:24,1967.30,2,B
10:34:24,1967.30,4,B
10:34:24,1967.30,4,B
10:34:23,1967.50,1,M
10:34:23,1967.30,5,B
10:34:23,1967.30,4,B
10:34:23,1967.50,1,M
10:34:23,1967.30,2,B
10:34:22,1967.30,10,B
10:34:21,1967.30,3,B
10:34:21,1967.30,1,B
10:34:21,1967.40,1,B
10:34:20,1967.50,1,M
10:34:18,1967.50,4,M
10:34:18,1967.50,4,M
10:34:17,1967.50,1,B
10:34:17,1967.50,1,B
10:34:17,1967.50,2,B
10:34:17,1967.50,3,B
10:34:17,1967.50,2,B
10:34:17,1967.50,7,B
10:34:16,1967.60,1,B
10:34:16,1967.60,1,B
10:34:16,1967.60,2,B
10:34:15,1967.60,1,B
10:34:15,1967.60,2,B
10:34:12,1967.60,1,B
10:34:12,1968.00,4,M
10:34:12,1967.90,1,M
10:34:12,1967.90,1,M
10:34:12,1967.90,11,M
10:34:10,1967.50,3,B
10:34:10,1967.50,1,B
10:34:09,1967.50,1,B
10:34:08,1967.50,1,B
10:34:08,1967.50,1,B
10:34:08,1967.50,1,B
10:34:08,1967.50,1,B
10:34:06,1967.50,4,B
10:34:06,1967.50,1,B
10:34:06,1967.50,5,B
10:34:06,1967.50,1,B
10:34:06,1967.50,1,B
10:34:06,1967.50,2,B
10:34:06,1967.50,1,B
10:34:06,1967.50,1,B
10:34:06,1967.50,1,B
10:34:06,1967.50,9,B
10:34:06,1967.90,1,M
10:34:05,1967.90,1,M
10:34:05,1967.90,1,M
10:34:05,1967.70,1,B
10:34:05,1967.70,1,B
10:34:04,1967.80,6,B
10:34:02,1968.00,3,M
10:34:02,1967.80,4,B
10:34:02,1967.80,4,B
10:34:02,1968.00,1,M
10:34:01,1968.00,2,M
10:34:01,1968.00,1,M
10:34:00,1968.00,38,M
10:34:00,1967.80,1,B
10:34:00,1967.80,3,B
10:34:00,1968.00,1,B
10:34:00,1968.00,1,B
10:34:00,1968.00,2,B
10:34:00,1968.00,10,B
10:34:00,1968.10,1,B
10:34:00,1968.10,5,B
10:34:00,1968.10,5,B
10:33:59,1968.10,1,B
10:33:58,1968.10,14,B
10:33:58,1968.10,1,B
10:33:58,1968.20,4,B
10:33:58,1968.20,1,B
10:33:58,1968.50,8,M
10:33:58,1968.40,2,M
10:33:58,1968.20,19,M
10:33:57,1968.20,10,M
10:33:56,1968.20,20,B
10:33:56,1968.30,20,B
10:33:56,1968.30,11,B
10:33:56,1968.40,1,M
10:33:56,1968.40,1,M
10:33:56,1968.40,3,M
10:33:55,1968.40,1,M
10:33:54,1968.40,3,M
10:33:53,1968.40,2,M
10:33:53,1968.40,1,M
10:33:52,1968.30,1,B
10:33:49,1968.30,5,B
10:33:48,1968.50,10,M
10:33:48,1968.30,1,M
10:33:48,1968.30,1,M
10:33:48,1968.20,1,M
10:33:48,1968.50,7,M
10:33:48,1968.30,1,M
10:33:47,1968.00,10,B
10:33:46,1968.50,4,M
10:33:46,1968.40,2,M
10:33:46,1968.40,3,M
10:33:46,1968.30,1,M
10:33:44,1968.00,37,B
10:33:44,1968.20,10,B
10:33:44,1968.30,3,B
10:33:44,1968.30,1,B
10:33:44,1968.30,1,B
10:33:42,1968.00,34,B
10:33:42,1968.20,13,B
10:33:42,1968.30,3,B
10:33:42,1968.30,1,M
10:33:42,1968.20,1,B
10:33:42,1968.30,1,M
10:33:40,1968.10,7,M
10:33:40,1968.10,1,M
10:33:40,1968.10,2,M
10:33:40,1968.10,1,M
10:33:40,1968.00,1,M
10:33:40,1968.00,100,M
10:33:40,1968.00,1,M
10:33:40,1967.90,1,M
10:33:40,1967.90,1,M
10:33:40,1967.90,3,M
10:33:40,1967.90,2,M
10:33:39,1967.70,1,B
10:33:39,1967.70,1,B
10:33:38,1967.80,1,M
10:33:38,1967.70,1,M
10:33:36,1967.50,35,B
10:33:36,1967.60,1,B
10:33:36,1967.60,1,B
10:33:36,1967.60,5,B
10:33:36,1967.70,1,B
10:33:36,1967.70,10,B
10:33:36,1967.60,1,B
10:33:36,1967.60,1,B
10:33:36,1967.70,1,B
10:33:36,1967.70,2,B
10:33:34,1967.90,1,M
10:33:30,1968.00,1,M
10:33:30,1968.00,1,M
10:33:29,1968.10,2,M
10:33:27,1968.00,1,B
10:33:27,1968.10,1,M
10:33:26,1968.10,1,M
10:33:26,1968.00,1,M
10:33:26,1967.70,3,B
10:33:26,1967.80,1,B
10:33:26,1967.80,1,B
10:33:26,1968.00,12,B
10:33:25,1968.00,8,B
10:33:25,1968.00,12,B
10:33:25,1968.10,1,M
10:33:25,1968.00,2,B
10:33:24,1968.00,2,B
10:33:24,1968.10,1,B
10:33:24,1968.10,5,B
10:33:24,1968.10,16,B
10:33:23,1968.10,2,B
10:33:22,1968.10,1,B
10:33:21,1968.20,1,M
10:33:20,1968.40,1,B
10:33:20,1968.50,1,M
10:33:20,1968.50,4,M
10:33:20,1968.50,15,M
10:33:19,1968.50,3,M
10:33:19,1968.50,1,M
10:33:18,1968.20,4,M
10:33:18,1968.20,2,M
10:33:18,1968.20,15,B
10:33:18,1968.40,1,B
10:33:18,1968.50,1,M
10:33:18,1968.40,6,M
10:33:18,1968.40,1,M
10:33:17,1968.20,2,B
10:33:17,1968.40,10,M
10:33:17,1968.40,1,M
10:33:17,1968.20,1,B
10:33:16,1968.20,1,B
10:33:15,1968.40,7,M
10:33:15,1968.40,1,M
10:33:15,1968.20,1,B
10:33:15,1968.40,1,M
10:33:15,1968.40,1,M
10:33:15,1968.40,1,M
10:33:15,1968.40,1,M
10:33:15,1968.30,1,M
10:33:15,1968.20,1,M
10:33:14,1968.20,1,M
10:33:13,1968.00,1,M
10:33:13,1968.20,2,M
10:33:13,1968.20,1,M
10:33:12,1967.80,1,B
10:33:12,1967.80,4,B
10:33:12,1967.80,1,B
10:33:12,1967.90,4,B
10:33:12,1968.30,14,M
10:33:12,1968.30,1,M
10:33:12,1968.00,1,M
10:33:12,1968.00,1,M
10:33:11,1968.00,1,M
10:33:08,1968.00,1,M
10:33:08,1968.00,3,M
10:33:08,1968.00,2,M
10:33:08,1968.00,8,M
10:33:08,1968.00,1,M
10:33:08,1968.00,2,M
10:33:08,1968.00,1,M
10:33:08,1968.00,1,M
10:33:08,1968.00,2,M
10:33:08,1968.00,1,M
10:33:08,1968.00,5,M
10:33:08,1968.00,1,M
10:33:08,1968.00,1,M
10:33:08,1968.00,8,M
10:33:08,1968.00,1,M
10:33:07,1967.60,2,B
10:33:07,1968.00,15,M
10:33:06,1968.00,20,M
10:33:06,1967.90,10,M
10:33:06,1967.50,1,B
10:33:06,1967.70,1,B
10:33:05,1967.50,5,B
10:33:05,1967.50,1,B
10:33:05,1967.50,1,B
10:33:05,1967.60,20,B
10:33:05,1967.60,1,B
10:33:05,1967.60,1,B
10:33:05,1967.60,1,B
10:33:05,1967.60,1,B
10:33:05,1967.60,1,B
10:33:05,1967.60,8,B
10:33:05,1968.00,68,M
10:33:05,1967.90,1,M
10:33:05,1967.90,1,M
10:33:03,1967.60,1,B
10:33:02,1967.90,1,M
10:33:01,1968.00,15,M
10:33:01,1968.00,10,M
10:33:01,1968.00,2,M
10:33:01,1968.00,10,M
10:33:01,1968.00,10,M
10:33:01,1967.70,1,B
10:33:00,1967.60,1,B
10:33:00,1967.80,1,B
10:33:00,1968.00,2,M
10:33:00,1967.90,18,M
10:32:59,1967.90,10,M
10:32:59,1967.90,2,B
10:32:59,1968.00,5,M
10:32:58,1968.00,1,M
10:32:58,1968.00,1,M
10:32:58,1968.00,2,M
10:32:57,1968.00,1,M
10:32:57,1968.00,4,M
10:32:57,1967.90,1,B
10:32:57,1967.90,1,B
10:32:56,1967.90,5,B
10:32:56,1968.00,10,M
10:32:56,1968.00,13,M
10:32:55,1968.00,3,M
10:32:55,1968.00,1,M
10:32:55,1968.00,30,M
10:32:54,1967.90,1,B
10:32:54,1968.00,30,M
10:32:53,1968.00,40,M
10:32:52,1968.00,2,M
10:32:52,1968.00,15,M
10:32:51,1967.90,1,B
10:32:51,1967.90,1,B
10:32:49,1968.00,1,M
10:32:48,1967.80,1,B
10:32:48,1968.00,8,M
10:32:47,1968.00,1,M
10:32:46,1968.00,2,M
10:32:46,1968.00,5,M
10:32:46,1968.00,2,M
10:32:45,1967.70,1,B
10:32:45,1968.00,7,M
10:32:45,1968.00,1,M
10:32:43,1967.90,5,M
10:32:43,1967.90,1,M
10:32:43,1967.90,1,M
10:32:43,1967.70,6,B
10:32:42,1967.90,1,M
10:32:42,1967.90,1,M
10:32:42,1967.70,1,B
10:32:41,1967.90,7,M
10:32:40,1967.70,5,B
10:32:40,1967.80,1,M
10:32:40,1967.70,1,B
10:32:39,1967.80,1,M
10:32:37,1967.80,1,B
10:32:37,1967.80,1,B
10:32:37,1967.90,3,M
10:32:36,1967.80,1,B
10:32:36,1967.70,1,B
10:32:36,1967.90,7,M
10:32:34,1967.70,1,B
10:32:32,1968.00,1,M
10:32:31,1967.60,1,B
10:32:31,1968.00,5,M
10:32:31,1968.00,5,M
10:32:31,1968.00,22,M
10:32:31,1967.60,1,B
10:32:29,1967.90,1,M
10:32:28,1967.60,2,B
10:32:28,1967.90,1,M
10:32:28,1967.60,1,B
10:32:26,1968.00,2,M
10:32:26,1967.60,1,B
10:32:26,1967.80,3,B
10:32:25,1967.60,1,B
10:32:24,1967.60,1,B
10:32:23,1967.60,2,B
10:32:22,1967.80,1,B
10:32:21,1967.80,1,M
10:32:19,1967.80,1,M
10:32:19,1967.40,1,B
10:32:18,1967.40,1,B
10:32:18,1967.40,1,B
10:32:18,1967.40,1,B
10:32:18,1967.50,2,B
10:32:18,1967.50,1,B
10:32:18,1967.50,1,B
10:32:18,1967.50,1,B
10:32:18,1967.50,1,B
10:32:18,1967.50,1,B
10:32:18,1967.60,1,B
10:32:18,1967.90,1,M
10:32:18,1967.90,1,M
10:32:18,1967.90,1,M
10:32:18,1967.90,1,M
10:32:18,1967.90,4,M
10:32:16,1967.40,1,B
10:32:16,1967.40,1,B
10:32:15,1967.50,24,M
10:32:15,1967.50,4,B
10:32:15,1967.50,2,B
10:32:15,1967.50,9,B
10:32:15,1967.70,1,B
10:32:15,1967.80,10,B
10:32:15,1967.80,1,B
10:32:13,1967.80,9,B
10:32:13,1968.00,1,M
10:32:13,1967.70,1,M
10:32:12,1967.50,1,B
10:32:12,1968.00,3,M
10:32:12,1967.90,5,M
10:32:12,1967.90,2,M
10:32:12,1967.90,1,M
10:32:12,1967.80,6,M
10:32:11,1967.90,13,M
10:32:11,1967.80,2,M
10:32:11,1967.50,1,B
10:32:10,1967.50,4,B
10:32:09,1967.50,1,B
10:32:09,1967.50,1,B
10:32:08,1967.30,4,B
10:32:08,1967.40,1,B
10:32:08,1967.50,1,B
10:32:08,1967.50,1,B
10:32:07,1967.50,2,B
10:32:07,1967.70,1,M
10:32:07,1967.50,1,B
10:32:06,1967.50,3,M
10:32:06,1967.50,9,M
10:32:06,1967.40,1,M
10:32:06,1967.40,1,M
10:32:05,1967.30,1,B
10:32:05,1967.30,1,B
10:32:05,1967.50,1,M
10:32:05,1967.50,1,M
10:32:04,1967.40,7,M
10:32:04,1967.40,1,M
10:32:04,1967.30,1,B
10:32:04,1967.40,2,M
10:32:04,1967.40,1,M
10:32:04,1967.40,2,B
10:32:04,1967.40,1,B
10:32:04,1967.40,5,B
10:32:04,1967.40,2,B
10:32:03,1967.40,1,B
10:32:03,1967.40,4,B
10:32:03,1967.90,2,M
10:32:03,1967.60,1,M
10:32:03,1967.50,10,M
10:32:02,1967.50,1,M
10:32:02,1967.50,1,M
10:32:01,1967.50,2,M
10:32:00,1967.40,1,B
10:32:00,1967.40,2,B
10:32:00,1967.40,1,B
10:31:59,1967.50,1,M
10:31:59,1967.50,1,M
10:31:58,1967.50,2,B
10:31:58,1967.50,1,B
10:31:58,1967.50,5,B
10:31:58,1967.50,10,B
10:31:58,1967.50,1,B
10:31:58,1967.50,4,B
10:31:58,1967.60,1,B
10:31:58,1967.60,10,B
10:31:57,1967.90,1,M
10:31:57,1967.60,10,B
10:31:56,1967.90,1,M
10:31:56,1967.70,1,M
10:31:56,1967.90,2,M
10:31:55,1967.50,5,B
10:31:55,1967.50,1,B
10:31:55,1967.50,1,B
10:31:54,1967.50,1,B
10:31:54,1967.60,1,B
10:31:54,1967.70,1,B
10:31:53,1967.70,1,M
10:31:53,1967.60,1,B
10:31:53,1967.60,1,M
10:31:52,1967.60,2,M
10:31:52,1967.60,1,M
10:31:52,1967.60,1,M
10:31:52,1967.60,1,M
10:31:52,1967.60,2,M
10:31:51,1967.60,1,B
10:31:51,1967.60,5,B
10:31:51,1967.90,5,M
10:31:50,1967.90,2,M
10:31:49,1967.90,3,M
10:31:49,1967.90,1,M
10:31:49,1967.90,1,M
10:31:49,1967.60,2,B
10:31:49,1968.00,2,M
10:31:48,1968.00,8,M
10:31:47,1967.60,1,B
10:31:47,1967.70,1,B
10:31:47,1968.00,5,B
10:31:47,1968.00,3,B
10:31:47,1968.20,2,M
10:31:46,1968.20,4,M
10:31:46,1968.00,1,B
10:31:46,1968.00,1,B
10:31:44,1967.90,3,B
10:31:44,1968.20,1,M
10:31:44,1968.20,3,M
10:31:44,1968.00,1,M
10:31:44,1968.00,2,M
10:31:44,1968.00,1,M
10:31:44,1968.00,2,M
10:31:44,1968.00,1,M
10:31:44,1968.00,1,M
10:31:44,1968.00,6,M
10:31:44,1967.90,1,M
10:31:44,1967.90,1,M
10:31:44,1967.80,1,B
10:31:44,1967.90,1,M
10:31:44,1967.80,4,B
10:31:43,1967.80,1,M
10:31:42,1967.80,1,M
10:31:42,1967.60,8,B
10:31:42,1967.90,2,M
10:31:42,1967.90,1,M
10:31:41,1967.70,1,B
10:31:41,1967.60,1,B
10:31:40,1967.90,2,M
10:31:40,1967.90,1,M
10:31:40,1967.50,2,B
10:31:39,1967.50,19,M
10:31:39,1967.50,2,M
10:31:39,1967.90,4,M
10:31:39,1967.40,1,B
10:31:39,1967.50,1,B
10:31:39,1967.50,1,B
10:31:37,1967.50,1,B
10:31:36,1967.50,1,B
10:31:36,1967.90,8,M
10:31:36,1967.90,5,M
10:31:36,1967.80,1,M
10:31:36,1967.80,3,M
10:31:35,1967.60,3,B
10:31:35,1967.90,3,M
10:31:35,1967.30,15,B
10:31:35,1967.50,5,B
10:31:35,1967.50,2,B
10:31:35,1967.60,8,B
10:31:35,1967.60,2,B
10:31:35,1967.90,3,M
10:31:35,1967.90,1,M
10:31:35,1967.70,1,M
10:31:34,1967.50,2,B
10:31:34,1967.50,13,M
10:31:34,1967.40,2,M
10:31:33,1967.50,1,M
10:31:33,1967.30,1,B
10:31:33,1967.40,1,B
10:31:33,1967.50,3,B
10:31:33,1967.50,4,B
10:31:33,1967.50,2,B
10:31:33,1967.60,2,B
10:31:33,1967.60,4,B
10:31:33,1967.70,1,B
10:31:33,1967.60,15,B
10:31:33,1967.60,1,B
10:31:32,1967.50,2,B
10:31:32,1967.90,1,M
10:31:32,1967.50,2,B
10:31:31,1967.50,20,B
10:31:31,1967.50,5,B
10:31:31,1967.60,11,B
10:31:31,1967.60,10,B
10:31:31,1967.80,1,B
10:31:31,1967.80,1,B
10:31:31,1967.60,2,B
10:31:31,1967.60,1,B
10:31:31,1968.00,1,M
10:31:31,1968.00,11,M
10:31:31,1967.80,1,B
10:31:30,1967.80,12,M
10:31:30,1967.80,1,M
10:31:30,1967.60,2,B
10:31:30,1967.60,2,B
10:31:30,1967.60,1,B
10:31:29,1967.60,1,B
10:31:29,1967.60,1,B
10:31:29,1967.30,2,B
10:31:29,1967.30,1,B
10:31:29,1967.30,2,B
10:31:29,1967.30,1,B
10:31:29,1967.30,2,B
10:31:29,1967.30,1,B
10:31:29,1967.30,2,B
10:31:28,1967.30,10,B
10:31:28,1967.30,1,B
10:31:28,1967.30,1,B
10:31:28,1967.40,1,B
10:31:28,1967.40,5,B
10:31:28,1967.50,1,B
10:31:28,1967.50,3,B
10:31:28,1967.50,1,B
10:31:28,1967.50,1,B
10:31:28,1967.50,10,B
10:31:28,1967.50,5,B
10:31:28,1967.50,1,B
10:31:28,1967.80,1,M
10:31:28,1967.50,1,B
10:31:28,1967.50,1,B
10:31:28,1967.50,1,B
10:31:28,1967.50,4,B
10:31:28,1967.50,10,B
10:31:28,1967.50,1,B
10:31:27,1968.00,12,M
10:31:27,1967.90,1,M
10:31:27,1967.80,2,M
10:31:27,1967.50,1,B
10:31:27,1967.50,4,B
10:31:27,1967.50,7,B
10:31:27,1967.50,1,B
10:31:27,1967.50,1,B
10:31:27,1967.50,1,B
10:31:27,1967.50,1,B
10:31:27,1967.60,4,B
10:31:27,1967.60,2,B
10:31:27,1967.60,1,B
10:31:27,1967.60,1,B
10:31:27,1967.60,3,B
10:31:27,1967.60,2,B
10:31:27,1967.60,3,B
10:31:27,1967.60,3,B
10:31:27,1967.60,1,B
10:31:27,1967.60,1,B
10:31:27,1967.60,1,B
10:31:27,1967.60,1,B
10:31:27,1967.60,1,B
10:31:27,1967.60,1,B
10:31:27,1967.60,1,B
10:31:26,1967.60,6,B
10:31:26,1967.60,1,B
10:31:26,1967.60,2,B
10:31:26,1967.60,2,B
10:31:26,1967.70,1,B
10:31:26,1967.70,1,B
10:31:26,1967.70,1,B
10:31:26,1967.70,1,B
10:31:26,1967.80,1,B
10:31:26,1967.80,1,B
10:31:26,1967.80,1,B
10:31:26,1967.80,1,B
10:31:26,1967.80,1,B
10:31:26,1967.80,1,B
10:31:26,1967.90,1,B
10:31:26,1967.90,1,B
10:31:26,1967.90,1,B
10:31:26,1968.00,1,B
10:31:26,1968.00,1,B
10:31:26,1968.00,1,B
10:31:26,1968.00,1,B
10:31:26,1968.00,2,B
10:31:26,1968.00,1,B
10:31:26,1968.00,2,B
10:31:26,1968.00,2,B
10:31:26,1968.00,1,B
10:31:26,1968.00,5,B
10:31:26,1968.00,1,B
10:31:26,1968.00,5,B
10:31:26,1968.00,30,B
10:31:26,1968.00,75,B
10:31:26,1968.00,120,B
10:31:26,1968.00,4,B
10:31:26,1968.00,4,B
10:31:26,1968.00,10,B
10:31:26,1968.00,1,B
10:31:26,1968.00,1,B
10:31:26,1968.00,1,B
10:31:26,1968.00,4,B
10:31:26,1968.00,1,B
10:31:26,1968.00,1,B
10:31:26,1968.00,1,B
10:31:26,1968.00,1,B
10:31:26,1968.00,1,B
10:31:26,1968.00,8,B
10:31:26,1968.00,1,B
10:31:26,1968.00,1,B
10:31:26,1968.00,1,B
10:31:26,1968.00,1,B
10:31:26,1968.00,1,B
10:31:26,1968.00,5,B
10:31:26,1968.00,1,B
10:31:26,1968.00,2,B
10:31:26,1968.00,2,B
10:31:26,1968.00,5,B
10:31:26,1968.00,1,B
10:31:26,1968.00,5,B
10:31:26,1968.00,5,B
10:31:26,1968.00,1,B
10:31:26,1968.10,1,B
10:31:26,1968.10,2,B
10:31:26,1968.10,1,B
10:31:26,1968.10,1,B
10:31:26,1968.10,3,B
10:31:26,1968.10,2,B
10:31:26,1968.10,2,B
10:31:26,1968.10,5,B
10:31:26,1968.10,4,B
10:31:26,1968.10,1,B
10:31:26,1968.10,1,B
10:31:26,1968.10,1,B
10:31:26,1968.20,3,B
10:31:26,1968.20,12,B
10:31:26,1968.20,1,B
10:31:26,1968.20,1,B
10:31:26,1968.20,2,B
10:31:26,1968.30,1,B
10:31:26,1968.30,1,B
10:31:26,1968.30,1,B
10:31:26,1968.40,6,B
10:31:25,1968.50,1,B
10:31:24,1968.50,1,B
10:31:24,1968.50,1,B
10:31:24,1968.50,1,B
10:31:23,1969.00,19,M
10:31:23,1968.90,1,M
10:31:23,1968.90,1,M
10:31:23,1968.90,1,M
10:31:23,1968.90,1,M
10:31:23,1968.50,2,M
10:31:23,1968.40,9,B
10:31:23,1968.40,2,B
10:31:23,1968.50,1,M
10:31:22,1968.40,1,B
10:31:22,1968.50,1,M
10:31:20,1968.40,1,B
10:31:20,1968.50,1,B
10:31:20,1968.50,2,B
10:31:20,1968.50,1,B
10:31:19,1968.50,4,B
10:31:18,1968.50,3,B
10:31:18,1968.60,1,B
10:31:18,1968.90,5,M
10:31:18,1968.90,1,M
10:31:18,1968.80,3,M
10:31:18,1968.80,1,M
10:31:18,1968.80,1,M
10:31:18,1968.80,1,M
10:31:18,1968.70,1,M
10:31:16,1968.50,3,B
10:31:16,1968.50,2,B
10:31:16,1968.50,1,B
10:31:16,1968.50,2,B
10:31:16,1968.50,1,B
10:31:16,1968.50,1,B
10:31:16,1968.50,3,B
10:31:16,1968.60,1,B
10:31:16,1968.60,6,B
10:31:14,1968.60,1,B
10:31:14,1968.60,1,B
10:31:14,1968.60,2,B
10:31:13,1968.60,1,B
10:31:13,1968.60,4,B
10:31:12,1968.80,14,M
10:31:12,1968.80,3,M
10:31:11,1968.80,4,M
10:31:10,1968.60,2,B
10:31:08,1969.00,1,M
10:31:07,1968.90,3,B
10:31:07,1968.90,2,B
10:31:06,1968.70,1,B
10:31:06,1968.70,2,B
10:31:06,1968.70,1,B
10:31:06,1968.70,1,B
10:31:06,1969.00,18,M
10:31:04,1969.00,1,M
10:31:04,1968.90,1,M
10:31:04,1968.90,1,M
10:31:04,1968.90,1,M
10:31:04,1968.90,1,M
10:31:04,1968.80,1,B
10:31:02,1969.00,1,M
10:31:02,1969.00,2,M
10:31:02,1968.70,1,B
10:31:02,1968.70,1,B
10:31:02,1968.70,3,B
10:31:00,1968.70,2,B
10:31:00,1968.70,2,B
10:31:00,1968.70,2,B
10:30:59,1968.70,2,B
10:30:59,1968.80,1,B
10:30:59,1968.90,2,B
10:30:59,1969.10,2,M
10:30:56,1969.20,1,M
10:30:56,1969.00,1,M
10:30:55,1968.70,3,B
10:30:55,1968.50,1,B
10:30:54,1968.50,2,B
10:30:54,1968.60,1,B
10:30:54,1968.80,2,B
10:30:54,1968.80,1,B
10:30:54,1968.50,2,B
10:30:54,1968.80,1,B
10:30:54,1968.80,1,B
10:30:54,1969.00,1,M
10:30:54,1968.50,2,B
10:30:54,1968.50,1,M
10:30:54,1968.50,3,M
10:30:54,1968.50,1,B
10:30:54,1968.50,1,B
10:30:54,1968.50,1,B
10:30:54,1968.50,9,B
10:30:54,1968.50,1,B
10:30:54,1968.50,1,B
10:30:54,1968.60,1,B
10:30:54,1968.60,1,B
10:30:54,1968.60,1,B
10:30:54,1968.90,1,B
10:30:53,1968.90,1,B
10:30:53,1968.90,2,B
10:30:53,1969.00,2,B
10:30:53,1969.00,1,B
10:30:53,1969.10,1,B
10:30:53,1969.00,1,M
10:30:53,1969.00,1,M
10:30:53,1968.90,1,M
10:30:53,1969.70,4,M
10:30:53,1969.60,1,M
10:30:53,1969.40,5,M
10:30:53,1969.30,1,M
10:30:53,1969.20,1,M
10:30:53,1969.20,1,M
10:30:53,1969.20,7,M
10:30:53,1969.20,6,M
10:30:53,1969.10,1,M
10:30:53,1969.10,1,M
10:30:53,1969.10,1,M
10:30:53,1969.10,1,M
10:30:53,1969.10,1,M
10:30:53,1969.10,2,M
10:30:53,1969.00,1,M
10:30:53,1969.00,1,M
10:30:53,1969.00,1,M
10:30:53,1969.00,8,M
10:30:53,1969.00,3,M
10:30:53,1968.90,4,M
10:30:53,1968.80,2,M
10:30:53,1968.30,1,B
10:30:53,1968.40,1,B
10:30:53,1968.40,1,B
10:30:53,1968.50,10,B
10:30:52,1968.50,6,B
10:30:52,1968.50,2,M
10:30:52,1968.50,14,M
10:30:52,1968.50,3,M
10:30:52,1968.50,3,M
10:30:52,1968.20,1,B
10:30:52,1968.20,2,B
10:30:52,1968.50,1,M
10:30:52,1968.50,20,M
10:30:51,1968.20,1,B
10:30:51,1968.40,2,B
10:30:51,1968.20,1,B
10:30:51,1968.20,1,B
10:30:51,1968.50,1,M
10:30:51,1968.20,1,B
10:30:51,1968.20,4,B
10:30:51,1968.30,11,B
10:30:51,1968.30,1,B
10:30:51,1968.30,1,B
10:30:51,1968.30,1,B
10:30:51,1968.30,1,B
10:30:51,1968.30,1,B
10:30:51,1968.30,1,B
10:30:51,1968.40,1,B
10:30:50,1968.50,1,B
10:30:50,1968.50,2,B
10:30:50,1968.50,2,B
10:30:50,1968.50,1,B
10:30:50,1968.50,1,B
10:30:50,1968.50,2,B
10:30:50,1968.60,1,B
10:30:50,1968.60,1,B
10:30:50,1968.60,1,B
10:30:50,1969.00,2,M
10:30:50,1968.90,1,M
10:30:50,1968.70,3,M
10:30:50,1968.60,1,B
10:30:50,1968.60,1,B
10:30:49,1968.70,1,B
10:30:49,1968.70,2,B
10:30:49,1968.70,2,B
10:30:49,1968.70,3,B
10:30:49,1968.80,15,M
10:30:49,1968.80,3,M
10:30:49,1968.80,1,B
10:30:49,1968.80,1,B
10:30:49,1968.80,1,B
10:30:49,1968.80,5,B
10:30:49,1968.80,1,B
10:30:49,1968.80,1,B
10:30:49,1968.80,1,B
10:30:49,1968.80,1,B
10:30:49,1968.80,1,B
10:30:49,1968.80,4,B
10:30:49,1968.80,3,B
10:30:49,1968.80,13,B
10:30:49,1968.90,7,B
10:30:48,1969.10,1,M
10:30:48,1969.20,4,M
10:30:48,1969.00,2,M
10:30:48,1969.00,1,M
10:30:48,1969.00,1,M
10:30:47,1968.80,1,B
10:30:47,1968.80,10,B
10:30:47,1968.80,1,B
10:30:47,1968.80,2,B
10:30:46,1968.80,2,B
10:30:46,1968.90,1,B
10:30:46,1968.90,1,B
10:30:45,1968.80,1,B
10:30:45,1968.80,1,B
10:30:45,1968.80,12,B
10:30:45,1968.80,1,B
10:30:45,1968.90,2,B
10:30:45,1968.90,1,B
10:30:45,1968.90,1,B
10:30:44,1968.90,2,B
10:30:44,1968.90,1,B
10:30:44,1968.90,50,B
10:30:44,1968.90,17,B
10:30:44,1969.00,2,B
10:30:44,1969.00,5,B
10:30:43,1969.00,2,B
10:30:43,1969.00,1,B
10:30:43,1969.00,2,M
10:30:43,1968.90,13,B
10:30:42,1968.90,10,B
10:30:42,1968.90,2,B
10:30:41,1968.90,8,B
10:30:41,1969.00,5,B
10:30:41,1969.00,1,B
10:30:41,1969.00,2,B
10:30:41,1969.00,2,B
10:30:41,1969.00,3,B
10:30:41,1969.00,1,B
10:30:41,1969.00,2,B
10:30:41,1969.00,5,B
10:30:41,1969.00,3,B
10:30:41,1969.00,1,B
10:30:41,1969.00,1,B
10:30:41,1969.00,1,B
10:30:41,1969.00,1,B
10:30:41,1969.00,1,B
10:30:41,1969.00,2,B
10:30:41,1969.00,5,B
10:30:41,1969.00,1,B
10:30:41,1969.00,1,B
10:30:41,1969.00,1,B
10:30:41,1969.00,10,B
10:30:41,1969.00,1,B
10:30:41,1969.00,2,B
10:30:40,1969.00,4,B
10:30:40,1969.00,4,B
10:30:40,1969.00,4,B
10:30:39,1969.00,4,B
10:30:39,1969.00,2,B
10:30:39,1969.00,1,B
10:30:38,1969.20,8,M
10:30:38,1969.20,2,M
10:30:38,1969.20,5,M
10:30:38,1969.10,5,B
10:30:38,1969.10,1,B
10:30:38,1969.10,1,B
10:30:38,1969.10,5,B
10:30:38,1969.10,1,B
10:30:36,1969.10,1,B
10:30:36,1969.10,1,B
10:30:35,1969.20,1,M
10:30:34,1969.10,1,B
10:30:34,1969.10,1,B
10:30:34,1969.10,1,B
10:30:34,1969.10,1,B
10:30:34,1969.10,9,B
10:30:34,1969.20,1,B
10:30:33,1969.20,2,B
10:30:33,1969.30,1,B
10:30:32,1969.30,3,B
10:30:32,1969.70,10,M
10:30:32,1969.70,8,M
10:30:30,1969.50,12,M
10:30:30,1969.50,1,M
10:30:29,1969.50,1,M
10:30:29,1969.30,2,B
10:30:28,1969.30,1,B
10:30:28,1969.30,1,B
10:30:23,1969.30,1,B
10:30:23,1969.40,1,B
10:30:23,1969.40,1,B
10:30:23,1969.50,1,M
10:30:21,1969.30,1,B
10:30:19,1969.10,1,B
10:30:19,1969.20,1,B
10:30:19,1969.20,1,B
10:30:18,1969.60,1,M
10:30:18,1969.60,1,M
10:30:18,1969.60,1,M
10:30:18,1969.60,1,M
10:30:18,1969.60,4,M
10:30:17,1969.10,2,B
10:30:17,1969.10,2,B
10:30:17,1969.10,1,B
10:30:17,1969.10,1,B
10:30:16,1969.10,14,B
10:30:16,1969.20,1,B
10:30:14,1969.20,1,B
10:30:14,1969.20,1,B
10:30:14,1969.50,1,B
10:30:14,1969.60,15,M
10:30:14,1969.60,3,M
10:30:13,1969.60,2,M
10:30:13,1969.60,1,M
10:30:13,1969.60,1,M
10:30:13,1969.60,1,M
10:30:13,1969.20,3,B
10:30:13,1969.10,10,B
10:30:13,1969.10,2,B
10:30:13,1969.10,16,B
10:30:13,1969.20,2,B
10:30:13,1969.10,4,B
10:30:13,1969.20,1,B
10:30:13,1969.20,1,B
10:30:13,1969.20,1,B
10:30:13,1969.20,10,B
10:30:13,1969.20,1,B
10:30:13,1969.20,1,B
10:30:13,1969.20,4,B
10:30:13,1969.20,2,B
10:30:13,1969.30,5,B
10:30:12,1969.70,5,M
10:30:12,1969.60,1,M
10:30:12,1969.60,1,M
10:30:12,1969.60,1,M
10:30:12,1969.60,4,M
10:30:12,1969.60,4,M
10:30:12,1969.40,1,M
10:30:12,1969.30,1,B
10:30:12,1969.30,3,B
10:30:12,1969.30,1,B
10:30:12,1969.30,3,B
10:30:11,1969.40,1,M
10:30:09,1969.40,1,B
10:30:09,1969.40,1,B
10:30:09,1969.40,1,B
10:30:09,1969.50,1,B
10:30:00,1969.60,1,M
10:30:00,1969.60,11,M
10:30:00,1969.40,3,M
10:30:00,1969.40,1,M
10:30:00,1969.40,1,M
10:30:00,1969.40,1,M
10:30:00,1969.40,1,M
10:29:58,1969.40,1,M
10:29:57,1969.40,2,M
10:29:53,1969.40,1,B
10:29:51,1969.60,2,M
10:29:48,1969.60,8,M
10:29:46,1969.30,1,B
10:29:46,1969.20,1,B
10:29:46,1969.30,8,B
10:29:45,1969.60,4,M
10:29:43,1969.70,1,M
10:29:42,1969.30,1,B
10:29:42,1969.40,1,M
10:29:41,1969.30,1,B
10:29:39,1969.30,1,B
10:29:38,1969.30,1,B
10:29:36,1969.30,1,B
10:29:36,1969.30,1,B
10:29:36,1969.30,1,B
10:29:35,1969.40,5,B
10:29:35,1969.50,1,B
10:29:35,1969.40,6,B
10:29:34,1969.40,6,B
10:29:34,1969.40,2,B
10:29:34,1969.50,2,B
10:29:34,1969.50,1,B
10:29:34,1969.50,1,B
10:29:33,1969.50,1,B
10:29:33,1969.60,8,B
10:29:33,1969.70,21,M
10:29:32,1969.70,2,M
10:29:31,1969.60,1,B
10:29:30,1969.70,1,M
10:29:28,1969.70,2,M
10:29:26,1969.70,2,M
10:29:25,1969.60,1,M
10:29:24,1969.60,1,M
10:29:22,1969.60,1,B
10:29:22,1969.70,8,B
10:29:20,1969.70,1,B
10:29:19,1969.70,1,B
10:29:18,1970.00,8,M
10:29:15,1969.60,1,B
10:29:15,1970.00,1,M
10:29:12,1970.00,3,M
10:29:12,1969.90,14,M
10:29:10,1969.90,1,M
10:29:05,1969.80,1,M
10:29:03,1970.00,1,M
10:29:03,1969.60,14,B
10:29:03,1969.60,1,B
10:29:03,1969.80,1,B
10:29:03,1969.80,1,B
10:29:03,1969.80,4,B
10:29:03,1969.90,1,B
10:29:03,1969.90,1,B
10:29:03,1969.90,1,B
10:29:03,1969.90,1,B
10:29:03,1969.90,1,B
10:29:03,1969.90,1,B
10:29:03,1970.00,4,B
10:28:56,1969.80,4,B
10:28:56,1969.90,1,B
10:28:56,1969.90,1,B
10:28:56,1970.00,1,B
10:28:56,1970.00,1,B
10:28:56,1970.00,1,B
10:28:56,1970.00,10,B
10:28:56,1970.00,11,B
10:28:56,1970.10,16,B
10:28:56,1970.30,1,B
10:28:56,1970.30,1,B
10:28:56,1970.30,2,B
10:28:56,1970.50,1,M
10:28:55,1970.50,10,M
10:28:55,1970.50,40,M
10:28:53,1970.30,1,B
10:28:53,1970.50,4,M
10:28:52,1970.30,1,B
10:28:52,1970.40,1,M
10:28:52,1970.40,1,M
10:28:52,1970.40,1,M
10:28:52,1970.40,1,M
10:28:52,1970.40,1,M
10:28:52,1970.30,1,B
10:28:51,1970.40,1,M
10:28:51,1970.40,1,M
10:28:51,1970.40,1,M
10:28:50,1970.40,1,M
10:28:50,1970.30,10,M
10:28:50,1970.30,1,M
10:28:48,1970.30,1,B
10:28:48,1970.40,3,M
10:28:48,1970.30,1,M
10:28:48,1970.30,2,M
10:28:48,1970.30,2,M
10:28:47,1970.20,2,M
10:28:47,1970.20,1,M
10:28:47,1970.20,2,M
10:28:47,1970.10,14,M
10:28:47,1970.10,16,M
10:28:47,1970.00,1,M
10:28:47,1970.00,85,M
10:28:46,1970.00,5,M
10:28:46,1970.00,10,M
10:28:46,1970.00,1,M
10:28:46,1969.90,1,M
10:28:45,1969.70,1,B
10:28:43,1969.70,1,B
10:28:39,1969.90,1,M
10:28:38,1969.70,1,B
10:28:37,1969.50,1,B
10:28:36,1969.70,1,B
10:28:36,1969.60,1,M
10:28:33,1969.60,5,B
10:28:32,1969.60,1,B
10:28:32,1969.70,1,M
10:28:31,1969.70,1,M
10:28:31,1969.40,5,B
10:28:30,1969.50,1,B
10:28:30,1969.90,15,M
10:28:30,1969.80,2,M
10:28:30,1969.80,1,M
10:28:30,1969.80,1,M
10:28:30,1969.80,1,M
10:28:29,1969.80,1,M
10:28:29,1969.70,1,M
10:28:29,1969.70,2,M
10:28:27,1969.70,1,M
10:28:27,1969.80,5,M
10:28:27,1969.70,1,M
10:28:27,1969.50,1,M
10:28:27,1969.50,1,M
10:28:27,1969.50,4,M
10:28:27,1969.40,4,M
10:28:27,1969.40,1,M
10:28:27,1969.40,1,M
10:28:27,1969.40,1,M
10:28:27,1969.30,1,M
10:28:26,1969.10,1,B
10:28:26,1969.20,2,M
10:28:26,1969.20,1,M
10:28:24,1969.10,2,B
10:28:24,1969.10,1,B
10:28:24,1969.10,2,B
10:28:23,1969.10,2,B
10:28:23,1969.10,2,B
10:28:22,1969.00,2,B
10:28:22,1969.00,3,B
10:28:21,1969.00,1,B
10:28:21,1969.20,1,B
10:28:21,1969.20,1,B
10:28:19,1969.30,1,M
10:28:19,1969.00,2,B
10:28:18,1969.20,1,M
10:28:18,1969.00,95,M
10:28:18,1969.00,1,M
10:28:18,1969.00,2,M
10:28:18,1969.00,1,B
10:28:18,1969.00,1,B
10:28:18,1969.00,1,B
10:28:18,1969.00,1,B
10:28:18,1969.00,1,B
10:28:18,1969.00,1,B
10:28:18,1969.00,1,B
10:28:18,1969.00,1,B
10:28:18,1969.00,1,B
10:28:18,1969.00,1,B
10:28:18,1969.00,1,B
10:28:18,1969.00,1,B
10:28:18,1969.00,15,B
10:28:18,1969.00,1,B
10:28:18,1969.00,3,B
10:28:18,1969.00,1,B
10:28:18,1969.00,2,B
10:28:18,1969.00,6,B
10:28:18,1969.00,1,B
10:28:18,1969.00,3,B
10:28:18,1969.00,2,B
10:28:18,1969.00,2,B
10:28:18,1969.00,1,B
10:28:18,1969.00,1,B
10:28:18,1969.00,5,B
10:28:18,1969.00,2,B
10:28:18,1969.10,1,B
10:28:18,1969.10,1,B
10:28:18,1969.10,1,B
10:28:18,1969.10,1,B
10:28:18,1969.10,6,B
10:28:18,1969.10,4,B
10:28:18,1969.20,1,B
10:28:18,1969.20,10,B
10:28:18,1969.20,15,B
10:28:18,1969.20,1,B
10:28:18,1969.20,3,B
10:28:18,1969.30,1,B
10:28:18,1969.80,4,M
10:28:18,1969.80,1,M
10:28:18,1969.80,1,M
10:28:18,1969.80,1,M
10:28:18,1969.80,1,M
10:28:17,1969.50,1,B
10:28:17,1969.50,1,B
10:28:16,1969.50,1,B
10:28:16,1969.50,3,B
10:28:15,1969.50,1,B
10:28:15,1969.60,6,B
10:28:15,1969.70,3,B
10:28:15,1969.70,1,M
10:28:15,1969.70,2,M
10:28:15,1969.70,1,M
10:28:14,1969.50,2,M
10:28:14,1969.50,18,M
10:28:14,1969.20,2,B
10:28:12,1969.20,3,B
10:28:12,1969.40,2,B
10:28:12,1969.50,10,M
10:28:12,1969.50,1,M
10:28:12,1969.40,1,M
10:28:12,1969.40,1,M
10:28:12,1969.40,2,M
10:28:12,1969.40,2,M
10:28:12,1969.20,1,B
10:28:12,1969.40,1,M
10:28:11,1969.40,2,M
10:28:11,1969.20,1,M
10:28:09,1969.20,4,M
10:28:09,1969.10,1,B
10:28:09,1969.10,1,B
10:28:08,1969.10,1,B
10:28:08,1969.10,2,B
10:28:08,1969.10,1,B
10:28:08,1969.10,1,B
10:28:08,1969.10,1,B
10:28:05,1969.10,1,B
10:28:05,1969.10,1,B
10:28:05,1969.10,2,B
10:28:05,1969.30,5,B
10:28:04,1969.10,1,B
10:28:04,1969.10,2,B
10:28:04,1969.10,1,B
10:28:04,1969.10,1,B
10:28:04,1969.10,1,B
10:28:04,1969.10,1,B
10:28:04,1969.10,1,B
10:28:03,1969.10,9,B
10:28:03,1969.10,2,B
10:28:03,1969.20,2,B
10:28:02,1969.10,1,B
10:28:02,1969.20,1,B
10:28:02,1969.20,1,B
10:28:02,1969.30,1,B
10:28:01,1969.10,6,B
10:28:00,1969.40,2,M
10:28:00,1969.10,2,B
10:28:00,1969.10,2,B
10:28:00,1969.20,1,B
10:28:00,1969.20,1,B
10:27:59,1969.20,8,M
10:27:59,1969.20,1,B
10:27:59,1969.20,1,B
10:27:59,1969.10,1,B
10:27:58,1969.10,2,B
10:27:58,1969.40,6,M
10:27:57,1969.40,5,M
10:27:57,1969.40,1,M
10:27:57,1969.40,12,M
10:27:56,1969.00,2,B
10:27:56,1969.00,4,B
10:27:56,1969.00,21,B
10:27:56,1969.00,1,B
10:27:56,1969.00,1,B
10:27:56,1969.00,10,B
10:27:56,1969.20,3,B
10:27:56,1969.40,1,M
10:27:56,1969.20,2,B
10:27:56,1969.20,1,B
10:27:55,1969.20,30,B
10:27:55,1969.20,1,B
10:27:55,1969.20,1,B
10:27:55,1969.20,1,M
10:27:55,1969.10,1,M
10:27:55,1969.00,5,B
10:27:54,1969.00,1,B
10:27:54,1969.00,2,B
10:27:54,1969.00,5,B
10:27:54,1969.00,1,B
10:27:54,1969.00,1,B
10:27:54,1969.00,1,B
10:27:54,1969.00,2,B
10:27:54,1969.10,1,B
10:27:54,1969.10,7,B
10:27:54,1969.10,2,B
10:27:53,1969.40,1,M
10:27:53,1969.10,1,B
10:27:53,1969.10,1,B
10:27:53,1969.10,2,B
10:27:53,1969.10,1,B
10:27:53,1969.40,4,M
10:27:53,1969.20,1,M
10:27:52,1969.10,1,B
10:27:52,1969.10,1,B
10:27:52,1969.10,8,B
10:27:51,1969.10,11,B
10:27:51,1969.10,3,B
10:27:51,1969.20,1,B
10:27:51,1969.20,2,B
10:27:49,1969.20,1,B
10:27:49,1969.20,1,B
10:27:49,1969.20,1,B
10:27:49,1969.20,10,B
10:27:49,1969.20,1,B
10:27:49,1969.30,1,B
10:27:49,1969.30,8,B
10:27:48,1969.30,1,B
10:27:48,1969.30,4,B
10:27:48,1969.40,5,B
10:27:48,1969.40,16,B
10:27:48,1969.40,1,B
10:27:48,1969.40,1,B
10:27:48,1969.30,2,B
10:27:48,1969.80,1,M
10:27:48,1969.80,1,M
10:27:48,1969.80,5,M
10:27:48,1969.40,1,M
10:27:46,1969.30,15,B
10:27:46,1969.30,1,B
10:27:46,1969.40,1,B
10:27:45,1969.40,2,B
10:27:44,1969.40,3,B
10:27:44,1969.40,4,B
10:27:44,1969.50,1,B
10:27:44,1969.50,2,B
10:27:44,1969.50,1,B
10:27:44,1969.50,1,B
10:27:44,1969.50,1,B
10:27:44,1969.50,1,B
10:27:44,1969.50,2,B
10:27:44,1969.50,2,B
10:27:44,1969.50,2,B
10:27:43,1969.50,2,B
10:27:43,1969.50,1,B
10:27:43,1969.50,3,B
10:27:43,1969.50,1,B
10:27:43,1969.50,1,B
10:27:43,1969.50,1,B
10:27:43,1969.50,1,B
10:27:43,1969.50,2,B
10:27:43,1969.50,1,B
10:27:43,1969.50,1,B
10:27:43,1969.60,1,B
10:27:43,1969.60,1,B
10:27:43,1969.70,1,B
10:27:43,1969.80,3,B
10:27:42,1969.70,1,B
10:27:42,1969.70,2,B
10:27:42,1969.70,1,B
10:27:42,1969.70,4,B
10:27:42,1969.70,1,B
10:27:42,1969.70,1,B
10:27:42,1969.70,1,B
10:27:41,1969.70,2,B
10:27:41,1969.80,1,B
10:27:41,1969.90,1,M
10:27:40,1969.80,9,B
10:27:40,1969.90,1,B
10:27:38,1970.20,5,M
10:27:38,1970.20,2,M
10:27:38,1970.20,1,M
10:27:38,1970.20,1,M
10:27:38,1970.20,6,M
10:27:38,1970.10,1,M
10:27:38,1970.00,1,M
10:27:38,1970.00,1,M
10:27:36,1969.90,2,B
10:27:34,1969.90,1,B
10:27:33,1969.90,2,B
10:27:32,1969.90,1,B
10:27:31,1970.00,1,B
10:27:27,1970.20,4,M
10:27:25,1970.10,3,M
10:27:24,1970.00,1,B
10:27:24,1970.00,3,M
10:27:23,1970.00,2,M
10:27:23,1969.90,8,B
10:27:23,1970.20,1,M
10:27:23,1970.00,2,M
10:27:23,1969.90,1,B
10:27:23,1969.90,1,B
10:27:23,1969.90,3,B
10:27:22,1969.90,5,M
10:27:22,1969.70,1,B
10:27:21,1969.90,1,M
10:27:18,1969.70,1,B
10:27:18,1969.90,8,M
10:27:16,1969.90,4,M
10:27:16,1969.70,1,B
10:27:16,1969.80,1,B
10:27:16,1969.90,1,M
10:27:14,1969.90,11,B
10:27:12,1970.30,2,M
10:27:12,1970.30,7,M
10:27:12,1970.30,1,M
10:27:12,1970.20,5,M
10:27:12,1970.20,2,M
10:27:12,1970.20,2,M
10:27:12,1970.10,10,M
10:27:12,1970.00,6,M
10:27:11,1969.90,1,B
10:27:09,1969.80,1,B
10:27:08,1970.10,9,B
10:27:08,1970.00,1,M
10:27:07,1969.70,4,B
10:27:07,1969.70,4,B
10:27:07,1969.80,1,B
10:27:07,1969.80,15,B
10:27:06,1969.70,4,B
10:27:05,1969.70,4,B
10:27:05,1969.70,1,B
10:27:05,1970.00,2,B
10:27:04,1969.70,2,B
10:27:04,1969.80,2,M
10:27:03,1969.80,1,B
10:27:02,1969.70,1,B
10:27:02,1969.80,1,B
10:27:02,1969.90,5,B
10:27:02,1969.90,1,B
10:27:02,1969.90,5,B
10:27:02,1970.10,1,B
10:27:02,1970.10,1,B
10:27:01,1969.90,5,B
10:27:01,1970.00,10,B
10:27:01,1970.10,7,B
10:27:01,1970.10,5,B
10:27:00,1970.10,1,B
10:26:58,1970.10,2,B
10:26:57,1970.30,1,M
10:26:56,1970.00,2,B
10:26:56,1970.10,7,B
10:26:55,1970.10,6,B
10:26:54,1970.10,2,B
10:26:53,1970.10,1,B
10:26:51,1970.00,1,B
10:26:51,1970.00,1,B
10:26:50,1970.00,20,B
10:26:50,1970.40,1,M
10:26:50,1970.40,1,M
10:26:50,1970.40,1,M
10:26:50,1970.40,1,M
10:26:50,1970.40,2,M
10:26:50,1970.30,2,M
10:26:50,1970.20,10,M
10:26:48,1970.00,16,B
10:26:48,1970.10,2,B
10:26:48,1970.10,20,B
10:26:48,1970.20,2,B
10:26:48,1970.40,3,M
10:26:48,1970.40,1,M
10:26:48,1970.30,1,M
10:26:48,1970.30,3,M
10:26:46,1970.20,2,B
10:26:45,1970.20,4,B
10:26:44,1970.20,5,B
10:26:37,1970.20,1,B
10:26:31,1970.40,37,B
10:26:31,1970.40,1,B
10:26:31,1970.40,20,M
10:26:31,1970.40,1,M
10:26:31,1970.40,11,M
10:26:31,1970.10,30,M
10:26:30,1970.00,1,B
10:26:30,1970.00,11,B
10:26:29,1970.00,1,B
10:26:29,1970.00,3,B
10:26:29,1970.00,1,B
10:26:28,1970.00,10,B
10:26:27,1970.00,1,M
10:26:27,1970.00,2,M
10:26:27,1970.00,1,B
10:26:27,1970.00,1,B
10:26:27,1970.00,2,B
10:26:27,1970.00,2,B
10:26:27,1970.00,36,B
10:26:27,1970.00,2,B
10:26:27,1970.00,1,B
10:26:27,1970.00,1,B
10:26:26,1970.40,2,M
10:26:26,1970.00,1,B
10:26:26,1970.00,1,B
10:26:26,1970.00,1,B
10:26:26,1970.00,7,B
10:26:26,1970.00,1,B
10:26:26,1970.10,2,B
10:26:26,1970.10,5,B
10:26:26,1970.10,1,B
10:26:26,1970.10,1,B
10:26:26,1970.20,3,B
10:26:26,1970.30,1,B
10:26:26,1970.30,1,B
10:26:26,1970.30,1,B
10:26:26,1970.40,1,M
10:26:25,1970.40,100,B
10:26:25,1970.40,1,B
10:26:25,1970.40,1,B
10:26:25,1970.40,7,B
10:26:24,1970.40,1,B
10:26:23,1970.40,3,B
10:26:22,1970.40,1,B
10:26:22,1970.50,1,B
10:26:21,1970.60,1,B
10:26:18,1970.90,8,M
10:26:16,1970.90,2,M
10:26:16,1970.90,1,M
10:26:16,1970.80,1,M
10:26:16,1970.80,1,M
10:26:16,1970.80,3,M
10:26:14,1970.60,1,B
10:26:12,1970.40,1,B
10:26:12,1970.80,2,M
10:26:12,1970.80,1,M
10:26:12,1970.80,1,M
10:26:12,1970.70,1,M
10:26:12,1970.60,12,M
10:26:11,1970.60,1,B
10:26:10,1970.60,1,B
10:26:10,1970.40,3,B
10:26:10,1970.40,3,B
10:26:08,1970.40,1,B
10:26:08,1970.40,1,B
10:26:07,1970.30,1,B
10:26:07,1970.40,1,B
10:26:07,1970.40,1,B
10:26:07,1970.50,1,B
10:26:07,1970.50,1,B
10:26:07,1970.50,1,B
10:26:06,1970.50,1,B
10:26:06,1970.70,1,B
10:26:05,1970.70,1,M
10:26:05,1970.70,2,M
10:26:05,1970.70,1,M
10:26:05,1970.60,14,M
10:26:05,1970.50,1,B
10:26:04,1970.70,1,B
10:26:03,1970.70,1,B
10:26:03,1970.80,1,B
10:26:02,1971.00,1,M
10:26:01,1971.20,1,M
10:26:00,1971.20,3,M
10:26:00,1971.10,1,M
10:25:59,1971.10,1,M
10:25:59,1970.80,1,B
10:25:59,1970.80,2,B
10:25:56,1971.30,1,M
10:25:56,1971.20,1,M
10:25:56,1970.80,1,B
10:25:56,1971.30,1,M
10:25:55,1970.70,5,B
10:25:55,1970.80,1,B
10:25:55,1970.80,1,B
10:25:55,1970.90,1,B
10:25:55,1970.90,1,B
10:25:55,1971.00,1,B
10:25:55,1971.00,2,B
10:25:55,1971.00,6,B
10:25:55,1971.10,4,B
10:25:55,1971.10,1,B
10:25:55,1971.40,1,M
10:25:53,1971.10,2,B
10:25:52,1971.40,18,M
10:25:51,1971.10,12,M
10:25:51,1971.00,2,B
10:25:51,1971.10,4,B
10:25:51,1971.10,14,B
10:25:50,1971.10,4,B
10:25:46,1971.10,2,B
10:25:46,1971.00,1,B
10:25:45,1971.40,2,M
10:25:45,1971.40,2,M
10:25:45,1971.40,2,M
10:25:45,1971.40,20,M
10:25:45,1971.10,1,M
10:25:45,1971.10,1,M
10:25:45,1971.10,2,M
10:25:43,1971.00,5,B
10:25:39,1971.10,1,M
10:25:39,1971.10,2,M
10:25:38,1971.10,18,M
10:25:38,1971.00,1,B
10:25:37,1971.10,4,M
10:25:37,1971.10,3,B
10:25:37,1971.50,4,M
10:25:37,1971.40,1,M
10:25:37,1971.40,1,M
10:25:36,1971.10,1,B
10:25:35,1971.10,4,B
10:25:34,1971.10,4,B
10:25:34,1971.10,3,B
10:25:34,1971.10,5,B
10:25:34,1971.00,1,B
10:25:33,1971.00,3,B
10:25:33,1971.50,8,M
10:25:33,1971.40,1,M
10:25:33,1971.40,20,M
10:25:33,1971.20,1,M
10:25:33,1971.20,6,M
10:25:33,1971.20,8,M
10:25:33,1971.20,8,M
10:25:33,1971.20,8,M
10:25:33,1971.20,1,M
10:25:33,1971.20,1,M
10:25:33,1971.00,1,B
10:25:32,1971.00,5,B
10:25:31,1971.00,1,B
10:25:30,1971.00,1,B
10:25:30,1971.00,1,B
10:25:28,1971.00,1,B
10:25:28,1971.00,1,B
10:25:28,1971.20,1,M
10:25:28,1971.20,1,M
10:25:28,1971.20,2,M
10:25:27,1971.00,1,B
10:25:27,1971.00,30,B
10:25:26,1971.20,1,M
10:25:26,1971.20,2,M
10:25:26,1971.00,2,B
10:25:26,1971.00,18,B
10:25:25,1971.20,1,M
10:25:25,1971.20,1,M
10:25:25,1971.00,1,B
10:25:24,1971.20,2,M
10:25:24,1971.20,1,B
10:25:24,1971.50,2,M
10:25:24,1971.30,1,M
10:25:24,1971.30,1,M
10:25:23,1971.50,10,M
10:25:23,1971.50,1,M
10:25:23,1971.50,1,M
10:25:23,1971.50,1,M
10:25:23,1971.50,1,M
10:25:23,1971.50,1,M
10:25:23,1971.50,1,M
10:25:23,1971.50,2,M
10:25:23,1971.50,3,M
10:25:23,1971.40,1,M
10:25:23,1971.30,1,M
10:25:23,1971.40,1,M
10:25:23,1971.40,1,M
10:25:23,1971.20,1,B
10:25:22,1971.50,1,M
10:25:22,1971.50,1,M
10:25:22,1971.40,1,M
10:25:22,1971.40,3,M
10:25:22,1971.40,5,M
10:25:22,1971.40,1,M
10:25:22,1971.40,1,M
10:25:22,1971.40,3,M
10:25:22,1971.30,1,M
10:25:22,1971.30,3,M
10:25:21,1971.20,1,B
10:25:21,1971.30,1,M
10:25:21,1971.30,8,B
10:25:21,1971.20,2,B
10:25:20,1971.40,3,M
10:25:20,1971.30,1,M
10:25:20,1971.30,1,M
10:25:20,1971.30,1,M
10:25:20,1971.30,1,M
10:25:19,1971.30,1,M
10:25:19,1971.40,4,M
10:25:19,1971.20,10,M
10:25:19,1971.40,3,M
10:25:18,1971.40,1,M
10:25:18,1971.40,1,M
10:25:18,1971.40,1,M
10:25:18,1971.40,1,M
10:25:18,1971.40,2,M
10:25:18,1971.30,6,M
10:25:18,1971.30,1,M
10:25:18,1971.30,2,M
10:25:18,1971.30,1,M
10:25:18,1971.30,1,M
10:25:18,1971.00,1,B
10:25:18,1971.00,1,B
10:25:17,1971.30,1,M
10:25:17,1971.30,16,M
10:25:17,1971.20,1,M
10:25:17,1971.20,4,M
10:25:17,1971.10,1,M
10:25:17,1971.10,6,M
10:25:17,1971.00,16,B
10:25:17,1971.00,16,B
10:25:16,1971.00,3,B
10:25:16,1971.10,14,M
10:25:16,1971.00,40,B
10:25:15,1971.00,2,M
10:25:15,1971.00,1,M
10:25:15,1971.00,2,M
10:25:15,1971.00,1,M
10:25:15,1971.00,1,M
10:25:15,1971.00,5,M
10:25:15,1971.00,1,M
10:25:15,1971.00,25,M
10:25:15,1971.00,2,M
10:25:15,1971.00,1,M
10:25:15,1971.00,1,M
10:25:15,1971.00,3,M
10:25:13,1971.00,1,M
10:25:13,1970.90,1,M
10:25:12,1970.60,1,B
10:25:12,1970.90,4,M
10:25:12,1970.70,13,M
10:25:12,1970.70,2,M
10:25:12,1970.70,1,B
10:25:12,1970.70,1,B
10:25:11,1970.70,1,B
10:25:09,1970.70,1,B
10:25:08,1970.70,1,B
10:25:05,1970.50,1,B
10:25:04,1970.90,1,M
10:25:04,1970.90,1,M
10:25:04,1970.90,2,M
10:25:04,1970.90,1,M
10:25:04,1970.90,1,M
10:25:04,1970.80,1,M
10:25:04,1970.80,1,M
10:25:04,1970.80,1,M
10:25:04,1970.80,1,M
10:25:04,1970.80,1,M
10:25:04,1970.60,1,M
10:25:04,1970.50,1,M
10:25:04,1970.50,3,M
10:25:04,1970.50,1,M
10:25:04,1970.50,1,M
10:25:04,1970.40,1,M
10:25:04,1970.40,1,M
10:25:03,1970.30,1,B
10:25:03,1970.30,1,B
10:25:02,1970.40,1,M
10:24:59,1970.30,4,B
10:24:55,1970.20,1,M
10:24:55,1970.20,1,M
10:24:54,1970.10,1,M
10:24:53,1970.00,1,B
10:24:53,1970.20,14,M
10:24:52,1970.00,1,B
10:24:51,1970.00,2,B
10:24:48,1970.00,40,B
10:24:48,1970.10,16,B
10:24:48,1970.10,1,B
10:24:48,1970.10,5,B
10:24:48,1970.50,1,M
10:24:48,1970.10,1,B
10:24:47,1970.10,1,B
10:24:47,1970.20,1,B
10:24:47,1970.20,1,B
10:24:47,1970.20,1,B
10:24:47,1970.30,1,B
10:24:46,1970.50,1,M
10:24:43,1970.50,5,B
10:24:43,1970.50,1,B
10:24:43,1970.60,1,B
10:24:36,1970.70,1,M
10:24:36,1970.70,15,M
10:24:36,1970.70,16,M
10:24:36,1970.70,16,M
10:24:36,1970.70,16,M
10:24:36,1970.70,10,M
10:24:36,1970.70,1,M
10:24:35,1970.70,2,M
10:24:35,1970.70,1,M
10:24:35,1970.70,1,B
10:24:35,1970.70,1,B
10:24:35,1970.70,2,B
10:24:35,1970.70,1,B
10:24:35,1970.70,13,B
10:24:35,1970.90,1,M
10:24:35,1970.70,7,B
10:24:35,1970.70,9,B
10:24:34,1970.90,1,M
10:24:32,1970.70,1,B
10:24:30,1970.70,1,B
10:24:30,1971.00,6,M
10:24:30,1971.00,3,M
10:24:30,1970.80,1,M
10:24:30,1970.70,5,B
10:24:29,1971.00,2,M
10:24:29,1971.00,1,M
10:24:28,1970.70,1,B
10:24:27,1971.00,1,M
10:24:27,1971.00,2,M
10:24:24,1971.00,8,M
10:24:24,1971.00,2,M
10:24:24,1971.00,1,M
10:24:24,1970.90,1,M
10:24:24,1970.90,4,M
10:24:24,1970.90,1,M
10:24:23,1970.80,1,B
10:24:23,1970.90,1,M
10:24:22,1970.80,1,B
10:24:21,1970.80,1,B
10:24:20,1970.90,1,M
10:24:20,1970.80,1,M
10:24:20,1970.60,2,M
10:24:20,1970.50,1,M
10:24:19,1970.20,1,B
10:24:19,1970.40,1,B
10:24:18,1970.70,20,M
10:24:18,1970.60,1,B
10:24:18,1970.60,1,B
10:24:17,1970.60,1,B
10:24:17,1970.60,1,B
10:24:17,1970.60,1,B
10:24:17,1970.10,7,B
10:24:17,1970.20,1,B
10:24:17,1970.20,1,B
10:24:17,1970.20,1,B
10:24:17,1970.20,1,B
10:24:17,1970.30,4,B
10:24:17,1970.30,4,B
10:24:17,1970.30,1,B
10:24:17,1970.30,9,B
10:24:17,1970.40,1,B
10:24:17,1970.40,2,B
10:24:17,1970.50,1,B
10:24:17,1970.50,1,B
10:24:17,1970.50,1,B
10:24:17,1970.70,1,B
10:24:17,1971.20,1,M
10:24:17,1971.10,1,M
10:24:17,1971.10,4,M
10:24:17,1971.10,1,M
10:24:17,1971.10,6,M
10:24:17,1971.00,25,M
10:24:17,1970.80,1,M
10:24:17,1970.80,1,M
10:24:16,1971.00,1,M
10:24:16,1971.00,1,B
10:24:16,1971.10,1,M
10:24:16,1971.10,1,M
10:24:16,1971.10,1,M
10:24:15,1971.10,1,M
10:24:15,1971.10,2,M
10:24:15,1971.00,1,M
10:24:15,1971.00,1,M
10:24:15,1971.00,1,M
10:24:15,1971.00,1,M
10:24:15,1970.70,1,M
10:24:15,1970.70,1,M
10:24:15,1970.70,1,M
10:24:15,1970.20,2,B
10:24:15,1970.30,1,B
10:24:15,1970.30,1,B
10:24:15,1970.30,1,B
10:24:15,1970.40,1,B
10:24:15,1970.50,1,B
10:24:15,1970.50,1,B
10:24:15,1970.60,1,B
10:24:15,1970.60,1,B
10:24:15,1970.60,1,B
10:24:15,1970.70,1,B
10:24:15,1970.70,1,B
10:24:15,1970.80,1,B
10:24:14,1971.30,2,M
10:24:14,1971.30,3,M
10:24:14,1971.30,1,M
10:24:14,1971.30,2,M
10:24:14,1971.30,1,M
10:24:14,1971.20,1,M
10:24:14,1971.20,1,M
10:24:14,1971.20,1,M
10:24:14,1971.20,1,M
10:24:14,1971.20,2,M
10:24:14,1971.20,1,M
10:24:14,1971.00,2,M
10:24:14,1970.70,1,B
10:24:13,1970.70,1,B
10:24:12,1971.20,2,M
10:24:12,1971.20,1,M
10:24:12,1971.20,3,M
10:24:12,1971.10,9,M
10:24:12,1971.00,2,M
10:24:12,1970.80,15,M
10:24:12,1970.80,3,M
10:24:12,1970.80,3,M
10:24:12,1970.80,3,M
10:24:11,1970.80,3,M
10:24:11,1970.80,3,M
10:24:11,1971.00,25,M
10:24:11,1971.00,1,M
10:24:11,1970.90,1,M
10:24:11,1970.90,1,M
10:24:11,1970.70,1,B
10:24:11,1970.70,1,B
10:24:11,1971.10,1,M
10:24:10,1970.70,13,B
10:24:10,1970.80,1,B
10:24:10,1970.80,1,B
10:24:10,1970.80,1,B
10:24:10,1971.00,4,B
10:24:10,1971.00,18,B
10:24:10,1971.00,1,B
10:24:10,1971.00,1,B
10:24:10,1971.00,1,B
10:24:10,1971.00,5,B
10:24:10,1971.00,1,B
10:24:10,1971.00,1,B
10:24:09,1971.00,1,B
10:24:09,1971.10,1,M
10:24:09,1971.00,1,B
10:24:08,1971.00,1,B
10:24:08,1971.10,1,B
10:24:07,1971.20,2,M
10:24:07,1971.20,1,M
10:24:07,1971.20,1,M
10:24:07,1971.20,1,M
10:24:07,1971.20,4,M
10:24:07,1971.00,1,B
10:24:06,1971.00,1,B
10:24:06,1971.20,6,M
10:24:06,1971.00,2,B
10:24:06,1971.00,1,B
10:24:06,1971.20,3,M
10:24:06,1971.10,1,M
10:24:06,1971.00,1,M
10:24:06,1971.00,1,M
10:24:06,1971.00,1,M
10:24:06,1971.00,1,M
10:24:06,1971.00,1,M
10:24:06,1971.00,2,M
10:24:06,1971.00,1,M
10:24:06,1971.00,1,M
10:24:06,1971.00,2,M
10:24:06,1971.00,2,M
10:24:06,1971.00,9,M
10:24:06,1971.00,23,M
10:24:05,1971.00,3,M
10:24:05,1971.00,26,M
10:24:05,1971.00,26,M
10:24:05,1971.00,1,M
10:24:05,1971.00,1,M
10:24:05,1971.00,11,M
10:24:05,1971.00,5,M
10:24:05,1971.00,1,M
10:24:05,1971.00,1,M
10:24:05,1971.00,1,M
10:24:05,1971.00,1,M
10:24:05,1971.00,5,M
10:24:05,1971.00,1,M
10:24:05,1971.00,10,M
10:24:04,1971.00,1,M
10:24:04,1971.00,1,M
10:24:04,1971.00,1,M
10:24:04,1970.90,1,M
10:24:04,1970.90,2,M
10:24:04,1970.90,1,M
10:24:04,1970.90,1,M
10:24:04,1970.70,1,M
10:24:04,1970.70,15,M
10:24:04,1970.70,5,M
10:24:04,1970.70,1,M
10:24:04,1970.60,1,M
10:24:04,1970.60,1,M
10:24:04,1970.50,1,B
10:24:04,1970.50,1,B
10:24:04,1970.50,5,M
10:24:04,1970.50,2,M
10:24:04,1970.50,14,M
10:24:04,1970.50,23,M
10:24:04,1970.50,28,M
10:24:04,1970.40,1,M
10:24:04,1970.40,1,M
10:24:03,1970.10,1,B
10:24:02,1970.10,4,B
10:24:02,1970.20,1,B
10:24:01,1970.50,2,M
10:24:01,1970.40,1,M
10:24:01,1970.40,1,M
10:24:01,1970.40,1,M
10:24:01,1970.10,1,B
10:24:01,1970.20,1,B
10:24:00,1970.20,3,M
10:23:59,1970.20,1,M
10:23:59,1970.20,1,M
10:23:59,1970.20,1,M
10:23:59,1970.40,5,M
10:23:59,1970.30,1,M
10:23:59,1970.30,2,M
10:23:59,1970.20,10,M
10:23:59,1970.00,5,B
10:23:58,1970.20,1,M
10:23:58,1970.20,1,M
10:23:57,1970.20,1,M
10:23:57,1970.00,1,B
10:23:57,1970.20,1,B
10:23:57,1970.30,1,B
10:23:56,1970.40,1,M
10:23:56,1970.30,1,B
10:23:55,1970.40,4,M
10:23:55,1970.40,1,M
10:23:55,1970.30,1,B
10:23:54,1970.40,1,B
10:23:53,1970.40,1,B
10:23:53,1970.40,2,B
10:23:52,1970.40,1,B
10:23:52,1970.50,1,M
10:23:51,1970.50,10,M
10:23:50,1970.40,1,M
10:23:49,1970.50,22,M
10:23:49,1970.50,6,M
10:23:49,1970.40,1,M
10:23:49,1970.40,3,M
10:23:49,1970.40,9,M
10:23:49,1970.30,1,M
10:23:49,1970.30,20,M
10:23:49,1970.30,2,M
10:23:49,1970.30,1,M
10:23:47,1970.40,1,M
10:23:47,1970.40,1,M
10:23:46,1970.30,1,B
10:23:46,1970.30,1,B
10:23:46,1970.30,1,B
10:23:45,1970.00,1,B
10:23:45,1970.00,1,M
10:23:45,1970.00,10,M
10:23:45,1970.00,100,M
10:23:45,1970.00,1,M
10:23:45,1970.00,1,M
10:23:45,1970.00,1,M
10:23:45,1969.90,1,M
10:23:45,1969.90,2,M
10:23:45,1969.90,1,M
10:23:45,1969.90,1,M
10:23:45,1969.90,1,M
10:23:45,1969.80,1,M
10:23:45,1969.80,2,M
10:23:45,1969.80,1,M
10:23:45,1969.80,7,M
10:23:42,1969.80,3,M
10:23:42,1969.70,1,M
10:23:42,1969.70,1,M
10:23:41,1969.70,1,B
10:23:39,1969.80,2,M
10:23:39,1969.80,2,M
10:23:39,1969.70,1,M
10:23:38,1969.70,1,M
10:23:37,1969.50,1,B
10:23:37,1969.60,3,M
10:23:37,1969.60,1,M
10:23:37,1969.50,1,M
10:23:36,1969.30,1,B
10:23:36,1969.30,3,B
10:23:36,1969.30,10,B
10:23:36,1969.50,1,M
10:23:33,1969.30,1,B
10:23:33,1969.40,1,B
10:23:30,1969.20,3,B
10:23:30,1969.30,1,B
10:23:29,1969.20,2,M
10:23:29,1969.20,12,M
10:23:26,1969.20,2,B
10:23:26,1969.50,1,B
10:23:25,1969.50,1,B
10:23:25,1969.50,5,B
10:23:25,1969.50,24,B
10:23:25,1969.50,26,B
10:23:24,1969.50,1,B
10:23:23,1969.50,10,B
10:23:21,1969.50,20,B
10:23:19,1969.80,1,M
10:23:18,1969.50,30,B
10:23:18,1969.80,15,M
10:23:18,1969.70,2,M
10:23:18,1969.70,1,M
10:23:18,1969.50,1,B
10:23:17,1969.50,10,B
10:23:17,1969.50,1,B
10:23:17,1969.50,1,B
10:23:16,1969.50,10,B
10:23:16,1969.50,2,B
10:23:15,1969.70,2,B
10:23:15,1969.70,8,B
10:23:15,1969.70,2,B
10:23:14,1969.80,1,M
10:23:14,1969.80,1,M
10:23:13,1969.80,14,M
10:23:12,1969.80,14,M
10:23:12,1969.80,9,M
10:23:12,1969.70,2,M
10:23:12,1969.70,5,M
10:23:12,1969.60,1,M
10:23:12,1969.50,1,B
10:23:12,1969.50,1,B
10:23:12,1969.50,1,B
10:23:11,1969.50,1,B
10:23:11,1969.50,1,B
10:23:10,1969.50,1,B
10:23:10,1969.50,1,B
10:23:10,1969.50,1,B
10:23:09,1969.50,1,B
10:23:09,1969.50,1,M
10:23:09,1969.50,1,M
10:23:09,1969.50,1,M
10:23:09,1969.50,1,M
10:23:09,1969.50,4,M
10:23:09,1969.50,2,M
10:23:09,1969.50,1,M
10:23:09,1969.50,40,M
10:23:09,1969.50,1,M
10:23:09,1969.40,1,M
10:23:09,1969.30,1,M
10:23:09,1969.30,1,M
10:23:09,1969.00,1,B
10:23:08,1969.00,1,B
10:23:08,1969.00,3,B
10:23:07,1969.30,1,M
10:23:06,1969.00,1,B
10:23:06,1969.20,1,M
10:23:06,1969.20,1,M
10:23:05,1969.00,1,B
10:23:05,1969.20,1,M
10:23:04,1969.20,1,M
10:23:04,1969.00,1,B
10:23:04,1969.00,1,B
10:23:03,1969.00,5,B
10:23:03,1969.00,1,M
10:23:03,1969.00,1,M
10:23:03,1969.00,1,M
10:23:03,1969.00,1,M
10:23:03,1968.80,1,B
10:23:03,1968.80,1,B
10:23:03,1968.80,1,B
10:23:03,1969.00,1,M
10:23:02,1968.80,5,B
10:23:02,1968.80,1,B
10:23:01,1969.00,1,M
10:23:01,1969.00,1,M
10:23:01,1969.00,1,M
10:23:01,1969.00,2,M
10:23:01,1969.00,1,B
10:23:01,1969.00,1,B
10:23:01,1969.00,1,B
10:23:01,1969.00,1,B
10:23:01,1969.00,1,B
10:23:00,1969.00,1,M
10:23:00,1969.00,1,M
10:23:00,1969.00,1,M
10:23:00,1969.00,1,M
10:23:00,1968.90,1,M
10:23:00,1968.80,2,B
10:23:00,1968.90,1,M
10:23:00,1968.90,1,M
10:23:00,1968.90,1,M
10:23:00,1968.80,1,B
10:23:00,1968.80,5,B
10:23:00,1968.80,1,B
10:22:59,1968.70,1,B
10:22:59,1968.70,1,B
10:22:59,1968.70,1,B
10:22:59,1968.70,1,B
10:22:59,1968.70,1,B
10:22:59,1968.70,1,B
10:22:59,1968.70,1,B
10:22:59,1968.70,2,B
10:22:58,1968.70,4,B
10:22:58,1968.70,6,B
10:22:58,1968.80,1,B
10:22:58,1968.80,2,B
10:22:58,1968.80,1,B
10:22:58,1968.80,6,B
10:22:58,1968.80,2,B
10:22:58,1968.80,1,B
10:22:58,1968.80,1,B
10:22:58,1968.80,1,B
10:22:57,1968.80,2,B
10:22:57,1968.90,2,B
10:22:57,1968.90,1,B
10:22:57,1968.90,1,B
10:22:57,1968.90,1,B
10:22:57,1968.90,17,B
10:22:56,1969.00,1,M
10:22:56,1968.90,4,B
10:22:56,1968.90,1,B
10:22:55,1968.90,1,B
10:22:55,1969.00,1,B
10:22:55,1969.00,2,B
10:22:55,1969.00,2,B
10:22:55,1969.00,1,B
10:22:55,1969.00,1,B
10:22:55,1969.00,1,B
10:22:55,1969.00,1,B
10:22:55,1969.00,1,B
10:22:55,1969.00,5,B
10:22:55,1969.00,1,B
10:22:55,1969.00,1,B
10:22:55,1969.00,6,B
10:22:55,1969.00,3,B
10:22:54,1969.00,1,B
10:22:54,1969.10,3,M
10:22:54,1969.00,2,B
10:22:54,1969.10,1,M
10:22:53,1969.00,14,B
10:22:53,1969.10,2,M
10:22:53,1969.00,29,B
10:22:53,1969.00,2,B
10:22:53,1969.00,2,B
10:22:53,1969.00,1,B
10:22:53,1969.00,1,B
10:22:53,1969.10,1,B
10:22:53,1969.10,9,B
10:22:53,1969.30,1,B
10:22:53,1969.10,21,B
10:22:52,1969.10,20,B
10:22:52,1969.10,1,B
10:22:52,1969.10,1,B
10:22:51,1969.10,1,B
10:22:51,1969.10,1,B
10:22:51,1969.20,5,B
10:22:51,1969.20,1,B
10:22:50,1969.20,1,B
10:22:50,1969.20,1,B
10:22:49,1969.20,3,B
10:22:49,1969.50,1,M
10:22:48,1969.50,1,M
10:22:48,1969.20,1,B
10:22:46,1969.20,2,B
10:22:46,1969.20,3,B
10:22:44,1969.20,5,B
10:22:44,1969.20,1,B
10:22:43,1969.20,2,B
10:22:42,1969.20,1,B
10:22:42,1969.50,1,B
10:22:42,1969.50,1,B
10:22:42,1969.50,1,B
10:22:42,1969.50,1,B
10:22:40,1969.50,1,B
10:22:39,1969.50,1,B
10:22:39,1969.50,1,B
10:22:39,1969.50,2,B
10:22:38,1969.80,2,M
10:22:37,1969.50,1,B
10:22:36,1969.50,5,B
10:22:36,1969.50,1,B
10:22:36,1969.50,3,B
10:22:36,1969.70,1,M
10:22:35,1969.50,1,B
10:22:33,1969.50,1,B
10:22:30,1969.50,1,B
10:22:29,1969.80,2,M
10:22:29,1969.50,1,B
10:22:29,1969.70,1,B
10:22:27,1969.70,1,M
10:22:27,1969.50,1,B
10:22:27,1969.70,9,M
10:22:27,1969.70,1,M
10:22:27,1969.70,1,M
10:22:27,1969.70,1,M
10:22:27,1969.60,1,M
10:22:27,1969.60,14,B
10:22:26,1969.50,4,B
10:22:26,1969.50,2,B
10:22:26,1969.50,1,M
10:22:26,1969.50,2,M
10:22:26,1969.20,2,B
10:22:26,1969.20,1,B
10:22:26,1969.20,1,B
10:22:26,1969.20,1,B
10:22:26,1969.20,3,B
10:22:25,1969.20,1,B
10:22:24,1969.20,1,B
10:22:24,1969.30,1,M
10:22:23,1969.30,1,B
10:22:22,1969.30,1,B
10:22:22,1969.30,1,M
10:22:21,1969.50,2,M
10:22:21,1969.30,1,M
10:22:21,1969.10,1,B
10:22:20,1969.10,3,B
10:22:20,1969.10,2,B
10:22:20,1969.10,1,B
10:22:20,1969.20,5,B
10:22:20,1969.20,7,B
10:22:20,1969.30,2,B
10:22:20,1969.30,1,B
10:22:19,1969.30,1,B
10:22:18,1969.30,1,B
10:22:18,1969.30,1,B
10:22:18,1969.50,1,M
10:22:18,1969.40,1,M
10:22:18,1969.40,1,M
10:22:17,1969.30,1,B
10:22:17,1969.30,1,B
10:22:17,1969.50,8,B
10:22:17,1969.50,2,B
10:22:17,1969.50,20,M
10:22:16,1969.30,8,B
10:22:16,1969.30,1,B
10:22:16,1969.30,1,B
10:22:15,1969.30,2,M
10:22:15,1969.20,2,B
10:22:15,1969.20,3,B
10:22:15,1969.30,1,B
10:22:15,1969.30,1,B
10:22:15,1969.30,2,B
10:22:13,1969.10,1,B
10:22:13,1969.10,1,B
10:22:13,1969.20,1,B
10:22:13,1969.20,1,B
10:22:13,1969.20,2,B
10:22:13,1969.30,2,B
10:22:13,1969.20,1,B
10:22:13,1969.20,1,B
10:22:13,1969.30,1,B
10:22:13,1969.30,1,B
10:22:13,1969.30,1,B
10:22:13,1969.30,1,B
10:22:12,1969.80,14,M
10:22:12,1969.70,1,M
10:22:12,1969.50,1,M
10:22:12,1969.40,1,M
10:22:10,1969.40,1,M
10:22:10,1969.30,1,B
10:22:10,1969.30,3,B
10:22:10,1969.30,4,B
10:22:10,1969.30,1,B
10:22:08,1969.30,2,B
10:22:07,1969.30,1,B
10:22:05,1969.60,12,B
10:22:05,1969.50,14,M
10:22:05,1969.50,1,B
10:22:05,1969.50,1,B
10:22:05,1969.50,1,B
10:22:05,1969.50,1,B
10:22:05,1969.50,1,B
10:22:05,1969.50,1,B
10:22:05,1969.50,2,B
10:22:05,1969.50,1,B
10:22:05,1969.50,1,B
10:22:05,1969.50,2,B
10:22:05,1969.50,1,B
10:22:05,1969.50,1,B
10:22:05,1969.50,1,B
10:22:05,1969.50,1,B
10:22:05,1969.50,1,B
10:22:05,1969.50,1,B
10:22:05,1969.50,3,B
10:22:05,1969.50,2,B
10:22:05,1969.50,1,B
10:22:05,1969.50,5,B
10:22:05,1969.50,1,B
10:22:05,1969.50,1,B
10:22:05,1969.50,9,B
10:22:05,1969.50,2,B
10:22:05,1969.50,1,B
10:22:05,1969.50,2,B
10:22:05,1969.50,2,B
10:22:05,1969.50,2,B
10:22:05,1969.50,1,B
10:22:05,1969.50,4,B
10:22:05,1969.50,1,B
10:22:05,1969.50,3,B
10:22:05,1969.50,6,B
10:22:05,1969.50,1,B
10:22:05,1969.50,3,B
10:22:04,1969.50,2,B
10:22:04,1969.50,1,B
10:22:04,1969.50,1,B
10:22:03,1969.70,1,B
10:22:03,1969.70,9,B
10:22:03,1969.80,1,B
10:22:03,1969.80,2,B
10:22:03,1969.80,1,B
10:22:03,1969.80,1,B
10:22:03,1969.80,8,B
10:22:00,1969.80,1,B
10:22:00,1969.80,1,B
10:22:00,1969.80,1,B
10:22:00,1969.80,8,B
10:21:59,1970.30,1,M
10:21:58,1970.00,1,B
10:21:58,1970.00,1,B
10:21:57,1970.00,4,B
10:21:57,1970.00,22,B
10:21:57,1970.00,25,B
10:21:57,1970.10,1,B
10:21:55,1970.10,1,B
10:21:55,1970.10,3,B
10:21:53,1970.50,1,M
10:21:53,1970.50,1,M
10:21:52,1970.00,1,B
10:21:52,1970.10,1,B
10:21:51,1970.30,3,M
10:21:51,1970.00,2,B
10:21:51,1970.10,1,B
10:21:50,1970.30,4,B
10:21:50,1970.30,21,B
10:21:49,1970.30,10,B
10:21:49,1970.30,3,B
10:21:49,1970.30,1,B
10:21:49,1970.30,11,B
10:21:49,1970.30,1,B
10:21:49,1970.50,1,B
10:21:49,1970.50,1,B
10:21:49,1970.50,5,B
10:21:48,1970.60,1,B
10:21:47,1970.80,1,M
10:21:46,1970.90,1,M
10:21:45,1970.90,3,M
10:21:45,1970.90,4,M
10:21:45,1970.90,7,M
10:21:45,1970.80,1,M
10:21:45,1970.70,1,M
10:21:45,1970.70,1,M
10:21:45,1970.60,1,M
10:21:45,1970.60,1,M
10:21:45,1970.60,1,M
10:21:45,1970.60,1,M
10:21:45,1970.60,2,M
10:21:45,1970.60,1,M
10:21:45,1970.60,1,M
10:21:45,1970.60,1,M
10:21:45,1970.60,3,M
10:21:45,1970.50,1,M
10:21:45,1970.50,4,M
10:21:44,1970.50,6,M
10:21:44,1970.20,1,M
10:21:43,1969.80,1,B
10:21:43,1970.00,1,B
10:21:43,1970.00,1,B
10:21:42,1970.00,4,B
10:21:42,1970.00,2,B
10:21:42,1970.00,5,B
10:21:41,1970.00,2,B
10:21:41,1970.00,3,M
10:21:41,1969.80,4,B
10:21:38,1969.80,9,B
10:21:38,1969.90,11,B
10:21:38,1970.20,1,M
10:21:38,1970.20,1,M
10:21:38,1970.20,1,M
10:21:38,1970.00,1,B
10:21:37,1970.00,1,B
10:21:35,1970.00,1,B
10:21:35,1970.00,1,B
10:21:35,1970.10,1,B
10:21:34,1970.10,1,M
10:21:33,1970.00,1,B
10:21:33,1970.00,1,B
10:21:33,1969.90,5,M
10:21:33,1969.90,5,M
10:21:33,1969.90,5,M
10:21:33,1969.90,4,M
10:21:32,1969.90,1,M
10:21:31,1969.80,1,B
10:21:30,1969.80,1,M
10:21:30,1969.70,1,B
10:21:30,1969.70,1,B
10:21:28,1969.70,1,B
10:21:28,1970.10,1,B
10:21:28,1970.10,1,B
10:21:28,1970.10,1,B
10:21:28,1969.50,2,B
10:21:28,1969.50,1,B
10:21:28,1969.50,1,B
10:21:28,1969.50,1,B
10:21:28,1969.50,4,B
10:21:28,1969.60,5,B
10:21:28,1969.60,5,B
10:21:28,1969.60,5,B
10:21:28,1969.60,5,B
10:21:28,1969.70,2,B
10:21:28,1969.70,10,B
10:21:28,1969.80,1,B
10:21:28,1969.90,1,B
10:21:28,1969.90,2,B
10:21:28,1969.90,1,B
10:21:28,1970.00,1,B
10:21:28,1970.00,1,B
10:21:28,1970.00,1,B
10:21:28,1970.00,2,B
10:21:28,1970.00,1,B
10:21:28,1970.00,3,B
10:21:28,1970.00,5,B
10:21:28,1970.00,2,B
10:21:28,1970.00,4,B
10:21:28,1970.00,5,B
10:21:28,1970.10,1,B
10:21:28,1970.10,1,B
10:21:28,1970.10,1,B
10:21:28,1970.10,1,B
10:21:28,1970.10,1,B
10:21:28,1970.10,1,B
10:21:28,1970.40,10,B
10:21:28,1970.50,1,B
10:21:28,1970.50,1,B
10:21:28,1970.50,1,B
10:21:28,1970.60,1,B
10:21:28,1970.60,1,B
10:21:28,1970.60,1,B
10:21:28,1970.60,3,B
10:21:25,1970.60,14,B
10:21:25,1970.70,1,M
10:21:25,1970.70,2,M
10:21:25,1970.70,3,B
10:21:25,1970.80,1,B
10:21:25,1970.80,1,B
10:21:24,1970.90,3,M
10:21:24,1970.90,1,M
10:21:24,1970.90,1,M
10:21:23,1970.80,1,B
10:21:23,1970.80,2,B
10:21:23,1970.90,1,B
10:21:23,1971.20,1,B
10:21:23,1971.20,1,B
10:21:23,1971.30,1,M
10:21:23,1971.30,1,M
10:21:23,1971.30,1,M
10:21:23,1971.30,1,M
10:21:22,1971.30,1,M
10:21:22,1971.30,1,M
10:21:22,1971.30,1,M
10:21:21,1971.20,1,B
10:21:21,1971.40,3,M
10:21:21,1971.40,1,M
10:21:21,1971.40,2,M
10:21:21,1971.40,3,M
10:21:21,1971.30,2,M
10:21:21,1971.30,3,M
10:21:21,1971.30,1,M
10:21:21,1971.30,3,M
10:21:21,1971.30,1,M
10:21:21,1971.20,2,B
10:21:21,1971.20,1,B
10:21:21,1971.20,1,B
10:21:21,1971.20,1,B
10:21:20,1971.30,2,M
10:21:20,1971.30,1,M
10:21:20,1971.30,7,M
10:21:20,1971.30,8,M
10:21:20,1971.20,1,B
10:21:20,1971.20,1,B
10:21:20,1971.20,1,B
10:21:20,1971.20,2,B
10:21:20,1971.20,1,B
10:21:20,1971.20,1,B
10:21:19,1971.20,1,B
10:21:19,1971.30,3,M
10:21:19,1971.30,1,B
10:21:19,1971.30,1,B
10:21:19,1971.30,2,B
10:21:19,1971.30,2,B
10:21:19,1971.30,2,B
10:21:19,1971.30,1,B
10:21:19,1971.40,3,M
10:21:19,1971.40,3,M
10:21:19,1971.30,1,B
10:21:19,1971.30,1,B
10:21:18,1971.30,1,M
10:21:17,1971.20,1,B
10:21:17,1971.20,1,B
10:21:17,1971.20,1,B
10:21:17,1971.30,2,B
10:21:16,1971.20,4,B
10:21:16,1971.20,2,B
10:21:16,1971.20,2,B
10:21:16,1971.20,3,B
10:21:16,1971.20,1,B
10:21:16,1971.20,1,B
10:21:15,1971.20,20,B
10:21:15,1971.20,20,B
10:21:15,1971.20,20,B
10:21:15,1971.40,1,M
10:21:15,1971.20,3,B
10:21:15,1971.40,1,M
10:21:14,1971.40,1,M
10:21:14,1971.20,4,B
10:21:13,1971.20,8,M
10:21:13,1971.10,20,M
10:21:13,1971.20,1,M
10:21:13,1971.20,1,M
10:21:12,1971.40,15,M
10:21:12,1971.30,1,M
10:21:12,1971.30,1,M
10:21:12,1971.30,1,M
10:21:12,1970.80,1,B
10:21:12,1971.40,5,M
10:21:12,1971.40,6,M
10:21:12,1971.30,1,M
10:21:12,1971.30,1,M
10:21:12,1971.30,1,M
10:21:12,1971.30,3,M
10:21:12,1971.30,1,M
10:21:12,1971.20,1,M
10:21:12,1971.20,1,M
10:21:12,1970.70,1,B
10:21:12,1970.80,1,B
10:21:12,1970.80,1,B
10:21:12,1970.80,1,B
10:21:12,1970.80,1,B
10:21:12,1970.80,3,B
10:21:12,1970.90,1,B
10:21:12,1971.00,1,B
10:21:11,1971.40,23,M
10:21:11,1971.10,1,B
10:21:11,1971.20,1,B
10:21:11,1971.40,1,M
10:21:10,1971.20,1,B
10:21:10,1971.40,1,M
10:21:10,1971.30,2,M
10:21:09,1971.20,1,B
10:21:09,1971.30,1,M
10:21:08,1971.40,19,M
10:21:08,1971.30,1,M
10:21:08,1971.30,1,M
10:21:08,1971.30,1,M
10:21:08,1971.30,1,M
10:21:08,1971.20,8,M
10:21:08,1971.10,1,M
10:21:08,1971.00,2,M
10:21:08,1970.80,16,M
10:21:08,1970.70,1,B
10:21:07,1970.80,2,M
10:21:06,1970.70,1,B
10:21:06,1970.80,2,M
10:21:06,1970.90,2,B
10:21:06,1971.00,2,B
10:21:06,1971.10,2,B
10:21:06,1971.10,4,B
10:21:06,1971.20,1,M
10:21:06,1971.20,1,M
10:21:05,1971.20,1,M
10:21:05,1971.10,1,M
10:21:05,1971.10,1,M
10:21:04,1971.20,2,M
10:21:04,1971.20,1,M
10:21:04,1971.20,1,M
10:21:04,1971.20,1,M
10:21:04,1971.20,4,M
10:21:03,1970.90,1,B
10:21:03,1971.20,1,M
10:21:03,1971.40,1,M
10:21:03,1971.00,1,M
10:21:03,1971.00,1,M
10:21:03,1971.40,1,M
10:21:03,1971.40,1,M
10:21:03,1971.40,8,M
10:21:03,1971.40,1,M
10:21:03,1971.40,1,M
10:21:03,1971.30,1,M
10:21:03,1971.30,1,M
10:21:02,1970.90,1,B
10:21:02,1971.30,1,M
10:21:02,1971.30,1,M
10:21:02,1971.20,12,M
10:21:02,1971.30,2,M
10:21:02,1971.00,1,B
10:21:02,1971.30,1,M
10:21:02,1971.20,1,B
10:21:02,1971.20,1,B
10:21:02,1971.30,1,M
10:21:02,1971.30,1,M
10:21:02,1971.30,1,M
10:21:01,1971.20,1,M
10:21:01,1971.20,1,M
10:21:01,1971.20,2,M
10:21:01,1971.20,1,M
10:21:01,1971.00,2,M
10:21:01,1971.00,8,M
10:21:01,1971.00,2,M
10:21:01,1971.00,1,M
10:21:01,1971.00,4,M
10:21:01,1971.00,1,M
10:21:01,1971.00,20,M
10:21:01,1970.60,1,B
10:21:01,1971.00,1,M
10:21:01,1971.00,1,M
10:21:01,1971.00,20,M
10:21:01,1971.00,10,M
10:21:01,1971.00,2,M
10:21:01,1971.00,1,M
10:21:01,1971.00,1,M
10:21:01,1971.00,1,M
10:21:01,1971.00,1,M
10:21:01,1971.00,1,M
10:21:01,1971.00,1,M
10:21:01,1971.00,13,M
10:21:01,1970.90,1,M
10:21:01,1970.90,5,M
10:21:01,1970.90,1,M
10:21:00,1971.00,30,M
10:21:00,1971.00,11,M
10:21:00,1971.00,1,M
10:21:00,1971.00,1,M
10:21:00,1971.00,1,M
10:21:00,1971.00,1,M
10:21:00,1971.00,2,M
10:21:00,1970.90,1,M
10:21:00,1970.90,2,M
10:21:00,1971.00,3,M
10:21:00,1971.00,1,M
10:21:00,1970.40,1,B
10:21:00,1971.00,4,M
10:21:00,1971.00,1,M
10:21:00,1971.00,2,M
10:21:00,1971.00,1,M
10:21:00,1971.00,7,M
10:21:00,1970.90,3,M
10:21:00,1970.90,2,M
10:21:00,1970.90,1,M
10:21:00,1970.90,1,M
10:21:00,1970.90,1,M
10:21:00,1970.90,1,M
10:21:00,1970.90,2,M
10:21:00,1970.90,1,M
10:21:00,1970.90,3,M
10:21:00,1970.90,2,M
10:21:00,1970.80,1,M
10:21:00,1970.80,3,M
10:21:00,1970.80,1,M
10:21:00,1970.80,1,M
10:21:00,1970.80,1,M
10:21:00,1970.70,11,M
10:21:00,1970.70,1,M
10:21:00,1970.70,20,M
10:21:00,1970.70,1,M
10:20:59,1970.70,2,M
10:20:59,1970.70,6,M
10:20:59,1970.70,1,M
10:20:59,1970.70,2,M
10:20:59,1970.70,1,M
10:20:59,1970.60,1,M
10:20:59,1970.50,2,M
10:20:59,1970.50,1,M
10:20:59,1970.40,1,B
10:20:59,1970.40,2,M
10:20:59,1970.40,1,M
10:20:59,1970.40,1,M
10:20:58,1970.30,1,B
10:20:58,1970.40,1,M
10:20:58,1970.40,1,M
10:20:58,1970.40,1,M
10:20:57,1970.40,1,M
10:20:57,1970.40,1,M
10:20:57,1970.40,1,M
10:20:57,1970.30,1,M
10:20:57,1970.00,5,B
10:20:57,1970.00,1,B
10:20:56,1970.30,1,M
10:20:56,1970.30,1,M
10:20:56,1970.30,1,M
10:20:56,1970.30,1,M
10:20:56,1970.30,1,M
10:20:56,1970.30,1,M
10:20:55,1970.30,1,M
10:20:55,1970.30,1,M
10:20:55,1970.30,1,M
10:20:54,1970.30,1,M
10:20:54,1970.30,1,M
10:20:54,1969.90,1,B
10:20:53,1969.90,1,B
10:20:53,1969.90,1,B
10:20:52,1969.90,1,B
10:20:51,1969.90,1,B
10:20:50,1969.90,1,B
10:20:50,1969.90,1,M
10:20:50,1969.90,1,M
10:20:50,1969.90,1,M
10:20:48,1969.90,5,M
10:20:47,1969.90,1,M
10:20:47,1969.90,1,M
10:20:47,1969.90,1,M
10:20:47,1969.90,2,M
10:20:46,1970.00,1,B
10:20:46,1970.30,1,M
10:20:46,1970.30,1,M
10:20:46,1970.30,1,M
10:20:45,1970.30,1,M
10:20:45,1970.20,1,M
10:20:45,1970.10,1,M
10:20:45,1970.10,1,M
10:20:45,1970.10,1,M
10:20:44,1970.00,1,M
10:20:42,1969.90,1,B
10:20:41,1969.90,1,M
10:20:40,1969.70,1,B
10:20:40,1969.70,1,B
10:20:39,1969.90,1,M
10:20:39,1969.80,1,M
10:20:39,1969.80,1,M
10:20:39,1969.50,1,B
10:20:38,1969.50,2,B
10:20:38,1969.50,1,B
10:20:36,1969.50,1,M
10:20:36,1969.30,2,M
10:20:35,1969.10,1,B
10:20:35,1969.10,1,B
10:20:34,1969.10,1,B
10:20:34,1969.10,1,B
10:20:34,1969.10,1,B
10:20:34,1969.10,1,B
10:20:33,1969.10,1,B
10:20:33,1969.10,1,B
10:20:33,1969.10,3,B
10:20:33,1969.20,1,B
10:20:33,1969.20,1,B
10:20:33,1969.10,2,B
10:20:33,1969.10,2,B
10:20:33,1969.10,1,M
10:20:33,1968.90,1,B
10:20:33,1968.90,1,B
10:20:33,1968.90,2,B
10:20:32,1968.90,10,B
10:20:32,1968.90,1,B
10:20:32,1968.70,1,B
10:20:32,1968.70,1,B
10:20:32,1968.70,3,B
10:20:32,1968.70,1,B
10:20:32,1968.70,1,B
10:20:32,1968.70,1,B
10:20:32,1968.70,1,B
10:20:32,1968.70,2,B
10:20:32,1968.70,5,B
10:20:32,1968.70,3,B
10:20:32,1969.10,29,B
10:20:31,1969.10,1,B
10:20:31,1968.70,1,B
10:20:31,1968.80,1,B
10:20:31,1969.00,1,B
10:20:31,1969.00,1,B
10:20:31,1969.00,1,B
10:20:31,1969.00,2,B
10:20:31,1969.00,2,B
10:20:31,1969.00,1,B
10:20:31,1969.00,1,B
10:20:31,1969.00,1,B
10:20:31,1969.00,1,B
10:20:31,1969.00,1,B
10:20:31,1969.00,1,B
10:20:31,1969.20,1,M
10:20:31,1969.00,3,B
10:20:31,1969.00,1,B
10:20:31,1969.00,1,B
10:20:30,1969.00,2,B
10:20:30,1969.00,1,B
10:20:30,1969.00,4,B
10:20:30,1969.00,5,B
10:20:30,1969.00,1,B
10:20:30,1969.00,1,B
10:20:30,1969.00,1,B
10:20:30,1969.00,1,B
10:20:30,1969.00,1,B
10:20:30,1969.00,1,B
10:20:30,1969.10,1,B
10:20:30,1969.10,4,B
10:20:30,1969.10,2,B
10:20:30,1969.10,2,B
10:20:29,1969.20,1,B
10:20:29,1969.20,1,B
10:20:29,1969.20,1,B
10:20:29,1969.20,2,B
10:20:29,1969.20,1,B
10:20:29,1969.50,1,M
10:20:29,1969.20,1,B
10:20:29,1969.20,1,B
10:20:29,1969.20,2,B
10:20:29,1969.20,2,B
10:20:29,1969.20,1,B
10:20:29,1969.20,2,B
10:20:29,1969.30,1,B
10:20:29,1969.30,1,B
10:20:29,1969.30,1,B
10:20:28,1969.60,1,B
10:20:28,1969.60,1,B
10:20:27,1969.60,1,B
10:20:27,1969.70,10,B
10:20:26,1969.80,2,B
10:20:26,1969.80,2,B
10:20:26,1969.90,1,B
10:20:24,1969.90,1,B
10:20:23,1969.90,1,B
10:20:23,1969.90,1,B
10:20:23,1970.00,1,B
10:20:23,1969.90,1,B
10:20:21,1969.90,1,B
10:20:20,1969.90,1,B
10:20:20,1969.90,1,B
10:20:19,1969.90,1,B
10:20:19,1969.90,2,B
10:20:15,1970.40,2,M
10:20:15,1970.30,2,M
10:20:13,1970.00,1,B
10:20:12,1970.40,12,M
10:20:12,1970.20,1,M
10:20:12,1970.20,1,M
10:20:12,1970.20,3,M
10:20:12,1970.00,1,M
10:20:11,1970.00,1,M
10:20:11,1970.00,1,M
10:20:11,1969.80,1,B
10:20:08,1969.80,1,B
10:20:07,1969.60,1,M
10:20:07,1969.50,1,B
10:20:06,1969.50,1,B
10:20:06,1969.60,1,M
10:20:05,1969.50,1,B
10:20:05,1969.60,2,M
10:20:04,1969.50,2,B
10:20:03,1969.60,1,M
10:20:03,1969.60,1,M
10:20:03,1969.60,2,M
10:20:03,1969.30,1,B
10:20:02,1969.60,1,M
10:20:02,1969.30,1,B
10:20:01,1969.30,1,B
10:20:00,1969.60,1,M
10:20:00,1969.20,3,B
10:20:00,1969.20,1,B
10:19:59,1969.20,1,B
10:19:59,1969.30,1,B
10:19:59,1969.30,1,B
10:19:59,1969.40,2,B
10:19:59,1969.50,19,B
10:19:59,1969.50,1,B
10:19:58,1969.60,3,M
10:19:58,1969.70,1,B
10:19:56,1969.70,1,B
10:19:55,1969.70,1,B
10:19:55,1969.70,1,B
10:19:54,1969.60,1,B
10:19:54,1969.60,1,B
10:19:54,1969.60,1,B
10:19:54,1969.70,1,B
10:19:54,1969.70,1,B
10:19:54,1969.90,1,B
10:19:54,1970.00,1,B
10:19:54,1970.00,3,B
10:19:54,1970.00,1,B
10:19:53,1970.00,1,B
10:19:53,1970.00,1,B
10:19:53,1970.00,10,B
10:19:53,1970.00,1,B
10:19:53,1970.00,1,B
10:19:53,1970.00,1,B
10:19:53,1970.10,1,B
10:19:53,1970.10,1,B
10:19:52,1970.20,6,B
10:19:50,1970.40,15,B
10:19:50,1970.40,1,B
10:19:50,1970.40,1,B
10:19:50,1970.40,1,B
10:19:48,1970.40,1,B
10:19:48,1970.50,1,M
10:19:48,1970.40,1,B
10:19:48,1970.40,1,B
10:19:47,1970.40,1,B
10:19:47,1970.40,1,B
10:19:47,1970.40,1,B
10:19:46,1970.40,3,B
10:19:46,1970.50,1,M
10:19:45,1970.40,1,B
10:19:45,1970.50,1,M
10:19:45,1970.40,2,B
10:19:43,1970.50,3,M
10:19:43,1970.50,7,M
10:19:42,1970.50,1,M
10:19:42,1970.50,1,M
10:19:40,1970.70,4,M
10:19:39,1970.70,4,M
10:19:39,1970.70,1,M
10:19:39,1970.60,1,M
10:19:39,1970.60,1,M
10:19:39,1970.60,1,M
10:19:39,1970.50,1,M
10:19:39,1970.50,1,M
10:19:39,1970.50,1,M
10:19:37,1970.50,1,M
10:19:34,1970.40,1,M
10:19:34,1970.40,1,M
10:19:33,1970.40,1,M
10:19:33,1970.30,3,M
10:19:33,1970.30,1,M
10:19:32,1970.30,1,M
10:19:32,1970.30,1,M
10:19:32,1970.20,1,M
10:19:32,1970.20,2,M
10:19:32,1970.20,1,M
10:19:30,1970.00,1,B
10:19:29,1970.00,1,B
10:19:29,1970.00,1,B
10:19:27,1970.00,1,B
10:19:27,1970.00,1,B
10:19:26,1970.00,2,M
10:19:26,1970.00,1,M
10:19:26,1970.00,2,M
10:19:26,1970.00,1,M
10:19:26,1970.00,1,M
10:19:26,1969.90,5,M
10:19:26,1969.80,1,M
10:19:26,1969.80,1,M
10:19:26,1969.80,1,M
10:19:26,1969.80,1,M
10:19:25,1969.60,1,B
10:19:25,1969.60,1,B
10:19:25,1969.60,1,B
10:19:24,1969.60,1,B
10:19:24,1969.70,1,B
10:19:23,1969.70,1,B
10:19:23,1969.70,1,M
10:19:22,1969.30,1,B
10:19:22,1969.50,4,M
10:19:20,1969.70,1,M
10:19:20,1969.70,1,M
10:19:20,1969.60,1,M
10:19:20,1969.60,1,B
10:19:20,1969.60,1,B
10:19:20,1969.60,1,B
10:19:19,1969.60,1,M
10:19:19,1969.60,1,M
10:19:19,1969.60,1,M
10:19:18,1969.60,9,M
10:19:18,1969.50,2,B
10:19:18,1969.50,2,M
10:19:18,1969.50,1,M
10:19:18,1969.50,1,M
10:19:17,1969.20,1,B
10:19:17,1969.20,1,B
10:19:17,1969.20,1,B
10:19:15,1969.10,1,M
10:19:15,1969.10,1,M
10:19:15,1969.10,1,M
10:19:15,1969.10,1,M
10:19:15,1969.10,1,M
10:19:15,1969.10,1,M
10:19:15,1969.10,1,M
10:19:14,1969.10,1,M
10:19:14,1969.10,1,M
10:19:13,1969.10,1,M
10:19:12,1969.10,1,B
10:19:12,1969.10,1,B
10:19:12,1969.40,9,M
10:19:12,1969.40,1,M
10:19:12,1969.30,1,M
10:19:12,1969.20,6,M
10:19:12,1969.00,1,B
10:19:12,1969.00,1,B
10:19:12,1969.00,1,M
10:19:12,1969.00,14,M
10:19:11,1968.80,4,B
10:19:11,1968.90,10,B
10:19:11,1969.00,5,M
10:19:11,1968.90,1,B
10:19:10,1969.00,1,M
10:19:10,1969.10,9,B
10:19:10,1969.20,1,M
10:19:10,1969.10,1,M
10:19:10,1969.00,1,M
10:19:10,1968.90,1,B
10:19:10,1968.90,1,B
10:19:10,1968.90,1,B
10:19:10,1968.90,1,B
10:19:10,1968.90,1,B
10:19:09,1968.70,1,B
10:19:09,1968.70,2,B
10:19:09,1968.70,1,B
10:19:09,1968.70,2,B
10:19:09,1968.70,3,B
10:19:09,1968.80,1,B
10:19:09,1968.80,4,B
10:19:09,1968.80,5,B
10:19:09,1968.80,2,B
10:19:09,1968.80,1,B
10:19:09,1968.80,1,B
10:19:09,1968.90,1,B
10:19:09,1969.10,1,M
10:19:09,1968.80,1,B
10:19:09,1968.90,1,B
10:19:08,1969.10,1,M
10:19:08,1968.90,1,B
10:19:08,1968.90,3,B
10:19:08,1969.00,1,B
10:19:08,1969.20,2,M
10:19:08,1969.10,1,M
10:19:08,1969.00,1,B
10:19:08,1969.10,7,B
10:19:08,1969.10,1,B
10:19:08,1969.10,2,B
10:19:08,1969.10,1,M
10:19:08,1969.10,5,M
10:19:08,1969.00,1,B
10:19:08,1969.00,1,B
10:19:08,1969.00,1,B
10:19:08,1969.00,6,B
10:19:08,1969.00,6,B
10:19:08,1969.00,1,B
10:19:08,1969.00,10,B
10:19:08,1969.00,1,B
10:19:08,1969.00,1,B
10:19:08,1969.00,2,B
10:19:08,1969.00,5,B
10:19:08,1969.00,5,B
10:19:08,1969.00,1,B
10:19:08,1969.00,3,B
10:19:08,1969.00,1,B
10:19:08,1969.00,14,B
10:19:06,1969.00,1,B
10:19:06,1969.20,5,M
10:19:06,1969.00,1,B
10:19:06,1969.00,7,B
10:19:05,1969.00,4,B
10:19:05,1969.00,1,B
10:19:05,1969.00,3,B
10:19:05,1969.00,2,B
10:19:05,1969.00,4,B
10:19:05,1969.00,8,B
10:19:05,1969.00,3,B
10:19:05,1969.00,1,B
10:19:05,1969.00,4,B
10:19:05,1969.10,1,B
10:19:05,1969.10,1,B
10:19:05,1969.10,2,B
10:19:05,1969.10,1,B
10:19:05,1969.10,1,B
10:19:05,1969.10,2,B
10:19:05,1969.10,4,B
10:19:05,1969.20,1,B
10:19:04,1969.30,5,B
10:19:04,1969.20,1,B
10:19:03,1969.10,1,B
10:19:03,1969.10,2,B
10:19:03,1969.10,1,B
10:19:03,1969.10,1,B
10:19:03,1969.20,1,B
10:19:03,1969.20,1,B
10:19:03,1969.20,1,B
10:19:03,1969.20,3,B
10:19:03,1969.20,1,B
10:19:03,1969.20,1,B
10:19:03,1969.30,1,B
10:19:03,1969.40,1,B
10:19:03,1969.40,1,B
10:19:03,1969.40,1,B
10:19:03,1969.40,1,B
10:19:03,1969.40,3,B
10:19:03,1969.40,3,B
10:19:03,1969.40,13,B
10:19:03,1969.40,5,B
10:19:03,1969.40,9,B
10:19:03,1969.40,2,B
10:19:03,1969.40,1,B
10:19:03,1969.40,2,B
10:19:03,1969.70,2,B
10:19:03,1969.70,1,B
10:19:03,1969.70,2,M
10:19:02,1969.40,1,B
10:19:02,1969.40,5,B
10:19:01,1969.40,3,B
10:19:01,1969.40,8,B
10:19:01,1969.40,2,B
10:19:01,1969.40,6,B
10:19:01,1969.40,1,B
10:19:01,1969.40,2,B
10:19:01,1969.40,1,B
10:19:01,1969.40,1,B
10:19:01,1969.40,2,B
10:19:01,1969.50,2,B
10:19:01,1969.50,1,B
10:19:01,1969.50,1,B
10:19:01,1969.50,1,B
10:19:01,1969.50,24,B
10:19:01,1969.50,13,B
10:19:01,1969.50,1,B
10:19:00,1969.60,1,B
10:19:00,1969.60,10,B
10:19:00,1969.60,1,B
10:19:00,1969.60,1,B
10:19:00,1969.60,2,B
10:19:00,1969.60,10,B
10:19:00,1969.60,1,B
10:19:00,1969.60,4,B
10:19:00,1969.70,6,B
10:18:59,1969.70,5,B
10:18:58,1969.70,1,B
10:18:56,1969.60,1,B
10:18:56,1969.60,10,B
10:18:55,1969.60,2,B
10:18:55,1970.00,3,M
10:18:54,1969.60,10,B
10:18:54,1969.70,4,B
10:18:53,1969.60,2,B
10:18:52,1969.60,4,B
10:18:52,1969.60,3,B
10:18:52,1969.70,1,B
10:18:52,1969.70,1,B
10:18:52,1969.80,2,B
10:18:52,1969.90,1,B
10:18:52,1970.00,1,B
10:18:52,1970.00,1,B
10:18:52,1970.00,1,B
10:18:52,1970.00,1,B
10:18:52,1970.00,4,B
10:18:52,1970.00,6,B
10:18:52,1970.00,5,B
10:18:51,1970.10,1,B
10:18:50,1970.10,1,B
10:18:50,1970.10,1,B
10:18:50,1970.10,1,B
10:18:50,1970.10,4,B
10:18:49,1970.30,1,M
10:18:49,1970.10,1,B
10:18:48,1970.10,1,B
10:18:48,1970.30,2,M
10:18:46,1970.10,1,B
10:18:46,1970.10,1,B
10:18:43,1970.30,1,M
10:18:41,1970.30,1,B
10:18:41,1970.40,2,B
10:18:41,1970.40,4,B
10:18:40,1970.70,1,M
10:18:40,1970.40,1,M
10:18:36,1970.40,8,M
10:18:36,1970.30,2,M
10:18:36,1970.30,1,M
10:18:36,1970.10,1,B
10:18:35,1970.30,1,B
10:18:35,1970.30,1,B
10:18:35,1970.40,8,B
10:18:35,1970.40,1,B
10:18:33,1970.80,2,M
10:18:32,1970.80,1,M
10:18:32,1970.90,3,M
10:18:32,1970.40,1,B
10:18:32,1970.60,1,B
10:18:30,1970.90,1,M
10:18:29,1971.00,9,M
10:18:29,1970.90,2,M
10:18:29,1970.90,14,M
10:18:28,1970.90,1,M
10:18:27,1970.90,1,M
10:18:27,1970.80,1,M
10:18:25,1970.90,1,M
10:18:25,1970.40,1,B
10:18:23,1970.90,1,M
10:18:23,1970.80,2,M
10:18:21,1970.80,1,M
10:18:19,1970.40,1,B
10:18:18,1970.50,1,B
10:18:18,1970.60,1,M
10:18:17,1970.60,10,M
10:18:16,1970.50,1,B
10:18:15,1970.50,1,B
10:18:14,1970.90,1,B
10:18:14,1970.90,1,B
10:18:14,1970.90,1,B
10:18:13,1970.80,1,B
10:18:12,1971.30,4,M
10:18:12,1971.20,9,M
10:18:12,1971.10,1,M
10:18:12,1971.00,2,M
10:18:12,1970.80,1,M
10:18:11,1970.80,1,B
10:18:11,1971.20,1,M
10:18:11,1971.20,1,M
10:18:11,1971.30,8,M
10:18:11,1971.20,1,M
10:18:11,1971.20,1,M
10:18:11,1971.20,3,M
