Time,Price,Volume,Side
14:13:43,1937.60,1,B
14:13:43,1938.00,1,M
14:13:43,1937.80,1,M
14:13:43,1937.80,1,M
14:13:42,1937.60,3,B
14:13:42,1937.60,4,B
14:13:42,1937.60,1,B
14:13:41,1938.00,1,M
14:13:41,1938.00,1,M
14:13:41,1937.90,1,M
14:13:41,1937.80,1,M
14:13:40,1937.70,1,B
14:13:40,1937.80,1,B
14:13:40,1937.80,1,B
14:13:40,1937.80,1,B
14:13:40,1938.00,1,M
14:13:39,1937.90,1,B
14:13:39,1938.00,1,M
14:13:39,1938.00,1,M
14:13:39,1938.00,5,M
14:13:39,1938.00,3,M
14:13:38,1938.00,1,M
14:13:38,1937.90,1,M
14:13:38,1937.90,1,M
14:13:37,1937.90,1,M
14:13:37,1937.80,3,M
14:13:37,1937.80,1,M
14:13:37,1937.80,1,M
14:13:37,1937.70,3,M
14:13:37,1937.70,1,M
14:13:37,1937.70,1,M
14:13:37,1937.70,1,M
14:13:37,1937.60,1,B
14:13:36,1937.60,1,B
14:13:36,1937.70,2,M
14:13:35,1937.60,1,B
14:13:35,1937.60,1,M
14:13:35,1937.30,1,B
14:13:35,1937.60,25,M
14:13:34,1937.60,4,M
14:13:34,1937.60,1,M
14:13:34,1937.50,12,M
14:13:34,1937.50,1,M
14:13:34,1937.40,2,M
14:13:34,1937.30,1,M
14:13:34,1937.30,1,M
14:13:34,1937.30,1,M
14:13:34,1937.30,1,M
14:13:34,1937.30,1,M
14:13:34,1937.30,3,M
14:13:34,1937.30,2,M
14:13:33,1937.30,2,M
14:13:31,1937.30,1,M
14:13:31,1937.30,1,M
14:13:31,1937.30,1,M
14:13:31,1937.30,1,M
14:13:31,1937.30,1,M
14:13:31,1937.30,1,M
14:13:31,1937.30,1,M
14:13:31,1937.30,1,M
14:13:31,1937.30,2,M
14:13:31,1937.30,3,B
14:13:31,1937.30,1,B
14:13:31,1937.30,1,B
14:13:31,1937.30,1,B
14:13:31,1937.30,1,B
14:13:31,1937.30,3,B
14:13:31,1937.90,1,M
14:13:30,1937.40,1,M
14:13:30,1937.50,1,M
14:13:30,1937.50,1,M
14:13:30,1937.50,1,M
14:13:30,1937.40,1,M
14:13:30,1937.40,1,M
14:13:30,1937.40,1,M
14:13:30,1937.30,1,M
14:13:30,1937.40,1,M
14:13:30,1937.10,1,M
14:13:29,1937.30,1,M
14:13:29,1937.20,1,M
14:13:29,1936.90,1,B
14:13:29,1936.90,1,B
14:13:28,1937.10,1,M
14:13:27,1936.80,3,B
14:13:27,1937.00,1,B
14:13:27,1937.10,1,M
14:13:27,1937.00,3,B
14:13:26,1937.00,1,B
14:13:26,1937.00,1,M
14:13:26,1936.70,1,B
14:13:25,1936.70,1,B
14:13:25,1936.90,2,B
14:13:24,1936.70,1,B
14:13:23,1937.00,2,B
14:13:23,1937.00,1,M
14:13:23,1937.00,1,M
14:13:23,1937.00,5,M
14:13:23,1936.90,1,M
14:13:23,1936.90,3,B
14:13:23,1936.90,1,B
14:13:23,1936.90,1,B
14:13:23,1936.90,1,B
14:13:23,1937.00,1,M
14:13:22,1936.90,1,B
14:13:22,1936.80,1,M
14:13:21,1936.90,2,B
14:13:21,1936.90,1,B
14:13:21,1936.90,1,B
14:13:21,1936.90,1,B
14:13:21,1936.90,1,B
14:13:21,1936.90,2,B
14:13:21,1936.90,1,M
14:13:21,1936.90,1,M
14:13:21,1936.90,1,M
14:13:21,1936.90,1,M
14:13:21,1936.50,1,B
14:13:21,1936.50,1,B
14:13:21,1936.50,1,B
14:13:21,1936.50,5,B
14:13:21,1936.50,2,B
14:13:21,1936.50,3,B
14:13:21,1936.50,3,B
14:13:21,1936.50,1,B
14:13:21,1936.50,4,B
14:13:21,1936.50,2,B
14:13:21,1936.60,1,B
14:13:21,1936.60,12,B
14:13:21,1936.60,1,B
14:13:21,1936.60,1,B
14:13:21,1936.60,2,B
14:13:21,1936.60,2,B
14:13:21,1936.70,1,B
14:13:21,1936.70,3,B
14:13:21,1936.70,2,B
14:13:21,1936.70,2,B
14:13:21,1936.70,1,B
14:13:21,1936.80,1,B
14:13:21,1936.80,3,B
14:13:21,1936.90,1,B
14:13:21,1936.90,1,B
14:13:21,1937.00,1,B
14:13:21,1937.00,1,B
14:13:21,1937.00,1,B
14:13:21,1937.00,1,B
14:13:21,1937.00,5,B
14:13:21,1937.00,1,B
14:13:21,1937.00,1,B
14:13:21,1937.00,3,B
14:13:21,1937.00,25,B
14:13:20,1937.40,2,M
14:13:20,1937.00,1,B
14:13:20,1937.00,2,B
14:13:20,1937.00,1,B
14:13:20,1937.00,1,B
14:13:20,1937.00,29,B
14:13:20,1937.00,2,B
14:13:20,1937.40,1,M
14:13:19,1937.00,1,B
14:13:19,1937.00,30,B
14:13:19,1937.40,1,M
14:13:19,1937.00,30,B
14:13:19,1937.00,2,B
14:13:19,1937.00,1,B
14:13:18,1937.00,22,B
14:13:18,1937.00,1,B
14:13:18,1937.00,1,B
14:13:18,1937.00,30,B
14:13:15,1937.00,1,B
14:13:14,1937.10,1,B
14:13:12,1937.40,1,M
14:13:12,1937.20,1,B
14:13:11,1937.00,1,B
14:13:11,1937.00,1,B
14:13:11,1937.00,1,B
14:13:11,1937.40,1,M
14:13:10,1937.00,1,B
14:13:10,1937.40,1,M
14:13:10,1937.00,1,B
14:13:10,1937.10,2,B
14:13:10,1937.20,1,B
14:13:10,1937.40,1,M
14:13:09,1937.40,3,M
14:13:08,1937.40,1,M
14:13:08,1937.50,1,M
14:13:07,1937.50,1,M
14:13:07,1937.40,9,M
14:13:07,1937.50,1,M
14:13:07,1937.20,1,B
14:13:07,1937.20,1,B
14:13:07,1937.20,1,B
14:13:07,1937.10,1,B
14:13:07,1937.60,1,M
14:13:07,1937.10,7,B
14:13:07,1937.10,1,B
14:13:07,1937.10,4,B
14:13:07,1937.10,12,B
14:13:07,1937.20,3,B
14:13:07,1937.20,1,B
14:13:07,1937.20,1,B
14:13:07,1937.20,1,B
14:13:07,1937.20,5,B
14:13:07,1937.20,1,B
14:13:07,1937.30,1,B
14:13:07,1937.30,2,B
14:13:07,1937.30,2,B
14:13:07,1937.30,1,B
14:13:07,1937.50,1,B
14:13:07,1937.50,1,B
14:13:07,1937.60,5,B
14:13:07,1937.60,1,B
14:13:06,1937.70,1,M
14:13:05,1937.60,1,B
14:13:05,1937.70,1,M
14:13:05,1937.60,1,B
14:13:04,1937.60,1,B
14:13:04,1937.60,1,B
14:13:04,1937.60,1,B
14:13:04,1937.70,1,B
14:13:04,1937.80,1,B
14:13:04,1937.80,1,B
14:13:04,1938.10,1,M
14:13:04,1937.90,1,B
14:13:04,1938.00,1,B
14:13:04,1938.00,49,B
14:13:03,1938.00,1,B
14:13:03,1938.00,1,B
14:13:03,1938.00,25,B
14:13:03,1938.00,5,B
14:13:03,1938.00,1,M
14:13:03,1938.00,16,M
14:13:02,1937.90,1,B
14:13:01,1938.00,1,B
14:13:01,1938.00,1,B
14:13:01,1938.00,1,B
14:13:01,1938.00,1,B
14:13:01,1938.30,1,B
14:13:01,1938.30,1,M
14:13:00,1938.30,1,M
14:13:00,1938.40,1,M
14:13:00,1938.30,1,M
14:13:00,1938.30,1,M
14:13:00,1938.00,1,B
14:13:00,1938.10,1,B
14:12:59,1938.40,1,M
14:12:59,1938.30,1,M
14:12:59,1938.20,1,M
14:12:59,1938.20,1,M
14:12:59,1937.90,1,B
14:12:59,1938.20,1,M
14:12:59,1938.10,1,M
14:12:59,1938.10,1,M
14:12:59,1938.10,1,M
14:12:59,1938.10,1,M
14:12:59,1938.00,1,M
14:12:59,1938.00,1,M
14:12:59,1938.00,1,M
14:12:59,1938.00,1,M
14:12:59,1938.00,2,M
14:12:59,1938.00,1,M
14:12:59,1938.00,1,M
14:12:59,1938.00,13,M
14:12:59,1938.00,20,M
14:12:58,1938.00,17,M
14:12:58,1938.00,1,M
14:12:58,1938.00,5,M
14:12:58,1937.90,1,M
14:12:58,1937.90,1,M
14:12:58,1937.90,1,M
14:12:58,1937.90,1,M
14:12:58,1937.90,1,M
14:12:58,1937.70,1,M
14:12:58,1937.70,1,M
14:12:57,1937.50,1,B
14:12:57,1937.70,1,M
14:12:57,1937.70,1,M
14:12:57,1937.70,1,M
14:12:57,1937.70,1,M
14:12:57,1937.60,1,M
14:12:57,1937.50,1,B
14:12:56,1937.60,1,M
14:12:56,1937.60,3,M
14:12:56,1937.20,4,B
14:12:56,1937.30,1,B
14:12:56,1937.50,1,M
14:12:56,1937.50,2,M
14:12:55,1937.50,1,M
14:12:55,1937.20,1,B
14:12:54,1937.30,1,B
14:12:53,1937.20,3,B
14:12:53,1937.20,1,B
14:12:53,1937.20,1,B
14:12:53,1937.60,1,M
14:12:53,1937.50,1,M
14:12:53,1937.50,1,M
14:12:53,1937.50,1,M
14:12:52,1937.60,1,M
14:12:51,1937.10,10,B
14:12:51,1937.20,2,B
14:12:51,1937.20,3,B
14:12:51,1937.20,1,B
14:12:51,1937.20,1,B
14:12:51,1937.20,1,B
14:12:51,1937.20,15,B
14:12:51,1937.30,1,B
14:12:51,1937.30,1,B
14:12:51,1937.30,1,B
14:12:51,1937.30,1,B
14:12:51,1937.30,1,B
14:12:51,1937.50,1,B
14:12:51,1937.50,1,B
14:12:51,1937.70,1,M
14:12:51,1937.20,1,B
14:12:51,1937.70,10,M
14:12:51,1937.70,5,M
14:12:51,1937.70,1,M
14:12:51,1937.70,1,M
14:12:51,1937.60,1,M
14:12:51,1937.50,2,M
14:12:51,1937.40,1,M
14:12:51,1937.40,2,M
14:12:51,1937.30,1,M
14:12:51,1937.30,3,M
14:12:51,1937.30,3,M
14:12:50,1937.20,2,M
14:12:50,1937.20,1,M
14:12:50,1937.20,1,M
14:12:50,1937.10,1,M
14:12:50,1937.00,2,B
14:12:50,1937.10,1,M
14:12:50,1937.10,1,M
14:12:50,1937.00,1,M
14:12:50,1937.00,1,M
14:12:50,1937.00,1,M
14:12:50,1937.00,1,M
14:12:50,1937.00,3,M
14:12:50,1936.90,6,M
14:12:50,1936.80,1,M
14:12:49,1937.00,1,M
14:12:49,1937.00,1,M
14:12:47,1937.00,1,M
14:12:46,1936.70,1,B
14:12:45,1936.70,4,B
14:12:45,1936.80,1,B
14:12:45,1937.00,4,M
14:12:45,1936.90,1,M
14:12:45,1936.80,1,B
14:12:44,1936.90,1,M
14:12:44,1936.80,1,B
14:12:44,1936.80,2,B
14:12:43,1936.80,1,B
14:12:43,1936.90,2,M
14:12:42,1937.00,1,M
14:12:42,1937.00,1,M
14:12:42,1937.00,1,M
14:12:42,1936.80,3,B
14:12:42,1937.00,1,M
14:12:41,1936.80,1,B
14:12:41,1936.80,3,B
14:12:41,1936.80,3,B
14:12:41,1936.80,1,B
14:12:41,1936.80,2,B
14:12:41,1936.80,1,B
14:12:41,1936.80,1,B
14:12:41,1937.00,2,M
14:12:41,1937.00,1,M
14:12:41,1936.80,2,B
14:12:41,1936.80,1,B
14:12:40,1936.80,10,B
14:12:39,1936.80,10,B
14:12:39,1936.90,1,M
14:12:39,1936.80,1,B
14:12:38,1936.80,1,B
14:12:38,1936.80,3,B
14:12:38,1936.40,1,B
14:12:38,1936.50,1,B
14:12:38,1936.50,1,B
14:12:38,1936.50,3,B
14:12:38,1936.50,1,B
14:12:38,1936.50,1,B
14:12:38,1936.60,1,B
14:12:38,1936.60,1,B
14:12:37,1936.60,1,M
14:12:37,1937.00,1,M
14:12:37,1937.00,1,M
14:12:37,1937.00,2,M
14:12:37,1936.90,1,M
14:12:37,1936.80,1,M
14:12:37,1936.80,1,M
14:12:37,1936.80,1,M
14:12:37,1936.70,1,M
14:12:37,1936.60,1,M
14:12:37,1936.50,1,B
14:12:37,1936.50,1,B
14:12:37,1936.90,1,M
14:12:36,1936.40,6,B
14:12:36,1936.40,1,B
14:12:36,1936.50,2,B
14:12:36,1936.50,2,B
14:12:36,1936.50,1,B
14:12:36,1936.60,1,B
14:12:36,1936.60,1,B
14:12:36,1936.60,1,B
14:12:36,1936.60,3,B
14:12:36,1936.60,1,B
14:12:36,1936.70,1,B
14:12:36,1937.00,1,M
14:12:36,1936.80,1,B
14:12:35,1936.50,1,B
14:12:35,1936.60,3,B
14:12:35,1936.60,1,B
14:12:35,1936.60,3,B
14:12:35,1936.60,6,B
14:12:35,1936.70,1,B
14:12:35,1936.70,1,B
14:12:35,1936.70,2,B
14:12:35,1936.70,1,B
14:12:35,1936.80,1,B
14:12:35,1936.80,1,B
14:12:35,1937.00,10,B
14:12:35,1937.00,1,B
14:12:35,1937.10,1,M
14:12:35,1937.10,1,M
14:12:35,1937.00,10,B
14:12:34,1937.10,1,M
14:12:34,1936.90,1,M
14:12:34,1936.80,1,M
14:12:34,1936.80,1,M
14:12:34,1936.80,1,M
14:12:34,1936.80,1,M
14:12:34,1936.70,1,M
14:12:34,1936.70,1,M
14:12:34,1936.70,1,M
14:12:34,1936.70,1,M
14:12:34,1936.60,44,B
14:12:34,1936.60,6,B
14:12:34,1936.70,1,M
14:12:34,1936.80,1,B
14:12:34,1936.80,1,B
14:12:33,1937.00,1,B
14:12:33,1937.20,1,M
14:12:33,1936.70,1,B
14:12:33,1936.80,1,B
14:12:33,1936.70,1,B
14:12:33,1936.80,1,B
14:12:33,1936.90,1,B
14:12:33,1936.80,1,B
14:12:33,1936.80,1,B
14:12:33,1936.80,3,B
14:12:33,1936.80,1,B
14:12:33,1936.90,1,B
14:12:33,1936.90,1,B
14:12:33,1936.90,3,B
14:12:33,1937.00,1,B
14:12:33,1937.00,1,B
14:12:33,1937.10,1,B
14:12:33,1937.40,6,B
14:12:33,1937.40,1,B
14:12:33,1937.40,1,B
14:12:33,1937.40,1,B
14:12:33,1937.40,1,B
14:12:33,1937.40,1,B
14:12:33,1937.40,1,B
14:12:33,1937.40,1,B
14:12:33,1937.40,1,B
14:12:33,1937.40,1,B
14:12:33,1936.80,1,B
14:12:33,1936.80,1,B
14:12:33,1936.70,3,B
14:12:33,1936.70,1,B
14:12:33,1936.80,1,B
14:12:33,1937.00,1,B
14:12:33,1937.00,1,B
14:12:33,1937.00,1,B
14:12:33,1937.00,5,B
14:12:33,1937.00,3,B
14:12:33,1937.00,5,B
14:12:33,1937.00,2,B
14:12:33,1937.00,8,B
14:12:33,1937.10,1,B
14:12:33,1937.10,1,B
14:12:33,1937.10,1,B
14:12:33,1937.20,1,B
14:12:33,1937.20,1,B
14:12:33,1937.20,1,B
14:12:33,1937.30,1,B
14:12:33,1937.30,2,B
14:12:32,1937.30,2,B
14:12:32,1937.60,3,B
14:12:32,1937.60,1,B
14:12:32,1937.30,1,B
14:12:32,1937.40,1,B
14:12:32,1937.40,1,B
14:12:32,1937.40,1,B
14:12:32,1937.20,1,B
14:12:32,1938.00,5,M
14:12:32,1938.00,4,M
14:12:32,1937.90,1,M
14:12:32,1937.90,1,M
14:12:32,1937.90,1,M
14:12:32,1937.90,1,M
14:12:32,1937.90,1,M
14:12:32,1937.90,5,M
14:12:32,1937.80,1,M
14:12:32,1937.80,1,M
14:12:32,1937.80,1,M
14:12:32,1937.70,1,M
14:12:32,1937.70,2,M
14:12:32,1937.30,1,B
14:12:32,1937.30,1,B
14:12:32,1937.30,1,B
14:12:32,1937.30,1,B
14:12:32,1937.30,2,B
14:12:32,1937.30,1,B
14:12:32,1937.30,1,B
14:12:32,1937.40,1,B
14:12:32,1937.40,25,B
14:12:32,1937.50,1,B
14:12:31,1937.80,1,M
14:12:30,1937.40,1,M
14:12:30,1937.40,7,M
14:12:29,1937.40,3,M
14:12:29,1937.40,1,B
14:12:29,1937.40,1,B
14:12:29,1937.50,5,B
14:12:29,1937.50,8,B
14:12:29,1937.60,3,M
14:12:28,1937.50,3,B
14:12:28,1937.60,4,M
14:12:27,1937.50,1,B
14:12:27,1937.50,1,B
14:12:27,1937.50,1,B
14:12:26,1937.60,1,B
14:12:26,1937.80,3,M
14:12:26,1937.80,1,M
14:12:26,1937.80,2,M
14:12:26,1937.80,3,M
14:12:25,1937.80,3,M
14:12:25,1937.90,3,M
14:12:25,1937.90,3,M
14:12:25,1937.90,3,M
14:12:25,1937.90,3,M
14:12:25,1937.90,3,M
14:12:25,1937.90,3,M
14:12:24,1937.90,3,M
14:12:24,1937.90,1,M
14:12:24,1937.90,3,M
14:12:24,1937.90,1,M
14:12:24,1937.60,1,B
14:12:24,1937.60,1,B
14:12:24,1937.60,1,B
14:12:24,1937.60,1,B
14:12:24,1937.90,3,B
14:12:24,1937.90,1,B
14:12:23,1938.00,1,M
14:12:23,1938.00,1,M
14:12:22,1938.00,1,M
14:12:22,1938.00,1,M
14:12:22,1938.00,1,M
14:12:22,1938.00,1,M
14:12:22,1937.90,1,M
14:12:22,1937.90,1,M
14:12:22,1937.90,1,M
14:12:22,1937.80,1,M
14:12:22,1937.70,3,M
14:12:22,1937.50,2,M
14:12:22,1937.50,1,M
14:12:22,1937.50,20,M
14:12:22,1937.50,1,M
14:12:22,1937.50,13,M
14:12:21,1937.40,1,B
14:12:21,1937.50,25,M
14:12:21,1937.50,2,M
14:12:21,1937.30,1,M
14:12:21,1937.30,1,M
14:12:21,1937.30,1,M
14:12:21,1937.30,3,M
14:12:21,1937.30,1,M
14:12:21,1937.30,12,M
14:12:20,1937.30,5,M
14:12:20,1937.20,5,B
14:12:20,1937.30,1,M
14:12:20,1937.20,2,B
14:12:19,1937.20,3,M
14:12:19,1937.20,1,M
14:12:19,1937.10,1,M
14:12:19,1937.10,1,M
14:12:19,1937.10,1,M
14:12:19,1937.10,1,M
14:12:19,1937.10,1,M
14:12:19,1937.10,1,M
14:12:19,1936.70,1,B
14:12:19,1936.70,1,B
14:12:19,1936.80,1,B
14:12:19,1936.80,1,B
14:12:19,1936.80,1,B
14:12:18,1936.80,1,B
14:12:18,1936.90,1,B
14:12:18,1936.90,1,B
14:12:18,1936.90,1,B
14:12:18,1936.90,1,B
14:12:18,1936.90,1,B
14:12:18,1936.90,1,B
14:12:18,1936.90,1,B
14:12:18,1937.30,1,M
14:12:18,1937.20,1,M
14:12:18,1937.30,1,M
14:12:18,1937.30,8,M
14:12:18,1937.20,1,M
14:12:18,1937.20,1,M
14:12:18,1937.20,1,M
14:12:18,1937.20,3,M
14:12:18,1937.20,3,M
14:12:18,1937.20,1,M
14:12:18,1937.10,2,M
14:12:18,1937.10,7,M
14:12:18,1937.00,1,M
14:12:18,1937.00,12,M
14:12:18,1936.70,2,B
14:12:18,1936.70,1,B
14:12:18,1936.70,10,B
14:12:18,1937.00,33,M
14:12:18,1937.00,4,M
14:12:18,1937.00,1,M
14:12:18,1937.00,1,M
14:12:18,1936.90,1,M
14:12:18,1936.70,2,B
14:12:18,1936.70,3,B
14:12:17,1936.70,1,B
14:12:17,1936.70,3,B
14:12:17,1936.70,1,B
14:12:17,1936.70,1,B
14:12:17,1936.80,1,M
14:12:17,1936.80,1,M
14:12:17,1936.80,1,M
14:12:17,1936.80,1,M
14:12:17,1936.70,1,B
14:12:17,1936.70,1,B
14:12:16,1936.70,1,M
14:12:16,1936.70,1,M
14:12:16,1936.70,1,M
14:12:16,1936.70,1,M
14:12:16,1936.70,1,M
14:12:16,1936.70,1,M
14:12:16,1936.30,2,B
14:12:16,1936.30,1,B
14:12:16,1936.30,1,B
14:12:16,1936.30,1,B
14:12:16,1936.30,1,B
14:12:16,1936.30,2,B
14:12:16,1936.30,1,B
14:12:16,1936.40,30,B
14:12:16,1936.40,3,B
14:12:16,1936.40,1,B
14:12:16,1936.50,1,B
14:12:16,1936.60,2,B
14:12:16,1936.60,12,B
14:12:16,1936.60,22,B
14:12:16,1936.60,1,B
14:12:16,1936.60,1,B
14:12:15,1936.70,1,M
14:12:15,1936.50,1,M
14:12:15,1936.40,1,B
14:12:15,1936.80,1,M
14:12:15,1936.40,3,B
14:12:15,1936.40,1,B
14:12:15,1936.50,1,B
14:12:15,1936.50,1,B
14:12:15,1936.40,1,B
14:12:15,1936.40,1,B
14:12:15,1936.60,1,M
14:12:15,1936.50,1,B
14:12:15,1936.50,1,B
14:12:15,1936.50,1,B
14:12:15,1936.50,2,B
14:12:15,1936.50,10,B
14:12:15,1936.50,1,B
14:12:15,1936.50,2,B
14:12:15,1936.50,5,B
14:12:15,1936.50,3,B
14:12:15,1936.50,3,B
14:12:15,1936.50,1,B
14:12:15,1936.50,1,B
14:12:15,1936.50,1,B
14:12:15,1936.50,1,B
14:12:15,1936.50,5,B
14:12:15,1936.50,6,B
14:12:15,1936.50,1,B
14:12:15,1936.50,4,B
14:12:15,1936.50,1,B
14:12:15,1936.50,1,B
14:12:15,1936.60,1,B
14:12:15,1936.60,2,B
14:12:15,1936.60,1,B
14:12:15,1936.60,2,B
14:12:14,1937.00,1,M
14:12:14,1936.80,1,M
14:12:14,1936.70,1,M
14:12:14,1936.70,11,B
14:12:14,1936.60,1,B
14:12:14,1936.60,1,B
14:12:14,1936.60,1,B
14:12:14,1936.60,1,B
14:12:14,1936.60,1,B
14:12:14,1936.60,8,B
14:12:14,1936.70,1,B
14:12:14,1936.70,2,B
14:12:14,1936.70,1,B
14:12:14,1936.70,1,B
14:12:14,1936.70,2,B
14:12:14,1936.70,6,B
14:12:14,1936.90,1,B
14:12:14,1936.90,1,B
14:12:14,1937.00,2,B
14:12:14,1937.00,1,B
14:12:14,1937.00,3,B
14:12:14,1937.00,1,B
14:12:14,1937.00,1,B
14:12:14,1937.00,45,B
14:12:14,1937.00,1,B
14:12:13,1937.00,2,B
14:12:13,1937.00,1,B
14:12:13,1937.00,3,B
14:12:13,1937.00,1,B
14:12:13,1937.00,1,B
14:12:13,1937.00,5,B
14:12:13,1937.00,3,B
14:12:13,1937.00,1,B
14:12:13,1937.00,2,B
14:12:13,1937.00,2,B
14:12:13,1937.00,1,B
14:12:13,1937.00,1,B
14:12:12,1937.00,20,B
14:12:12,1937.00,9,B
14:12:12,1937.00,2,B
14:12:12,1937.00,4,B
14:12:12,1937.00,2,B
14:12:12,1937.00,1,B
14:12:12,1937.00,1,B
14:12:12,1937.00,6,B
14:12:12,1937.10,1,M
14:12:12,1937.10,1,M
14:12:12,1937.10,3,M
14:12:12,1937.00,3,B
14:12:12,1937.00,1,B
14:12:12,1937.00,10,B
14:12:12,1937.00,1,B
14:12:12,1937.00,5,B
14:12:12,1937.00,14,B
14:12:12,1937.00,6,B
14:12:12,1937.00,1,B
14:12:11,1937.00,1,B
14:12:11,1937.00,8,B
14:12:11,1937.00,4,B
14:12:11,1937.00,1,B
14:12:11,1937.00,1,B
14:12:11,1937.00,1,B
14:12:11,1937.00,1,B
14:12:11,1937.00,1,B
14:12:11,1937.00,4,B
14:12:11,1937.00,1,B
14:12:11,1937.00,1,B
14:12:11,1937.00,1,B
14:12:11,1937.00,1,B
14:12:11,1937.00,1,B
14:12:11,1937.00,3,B
14:12:11,1937.00,8,B
14:12:11,1937.00,1,B
14:12:11,1937.00,20,B
14:12:11,1937.00,1,B
14:12:11,1937.00,20,B
14:12:11,1937.00,7,B
14:12:11,1937.00,1,B
14:12:11,1937.00,1,B
14:12:11,1937.00,4,B
14:12:11,1937.00,7,B
14:12:11,1937.00,5,B
14:12:11,1937.00,1,B
14:12:11,1937.00,1,B
14:12:11,1937.00,2,B
14:12:11,1937.00,1,B
14:12:11,1937.00,1,B
14:12:11,1937.00,1,B
14:12:11,1937.00,3,B
14:12:11,1937.00,10,B
14:12:11,1937.00,25,B
14:12:11,1937.00,2,B
14:12:11,1937.10,1,M
14:12:10,1937.10,1,M
14:12:10,1937.00,1,B
14:12:10,1937.00,1,B
14:12:10,1937.00,1,B
14:12:10,1937.00,2,B
14:12:10,1937.00,13,B
14:12:10,1937.10,1,B
14:12:10,1937.10,1,B
14:12:10,1937.10,1,B
14:12:10,1937.10,1,B
14:12:10,1937.10,1,B
14:12:10,1937.10,17,B
14:12:10,1937.10,1,B
14:12:10,1937.10,1,B
14:12:10,1937.10,1,B
14:12:10,1937.10,30,B
14:12:10,1937.10,20,B
14:12:10,1937.10,1,B
14:12:10,1937.10,9,B
14:12:10,1937.10,6,B
14:12:10,1937.10,1,B
14:12:10,1937.10,8,B
14:12:10,1937.10,5,B
14:12:10,1937.10,1,B
14:12:10,1937.10,1,B
14:12:10,1937.10,1,B
14:12:10,1937.10,1,B
14:12:10,1937.20,1,B
14:12:10,1937.20,1,B
14:12:10,1937.20,2,B
14:12:10,1937.20,1,B
14:12:10,1937.20,1,B
14:12:09,1937.20,1,B
14:12:09,1937.30,2,M
14:12:09,1937.30,20,M
14:12:09,1937.20,3,B
14:12:09,1937.20,1,B
14:12:09,1937.20,1,B
14:12:08,1937.30,4,M
14:12:08,1937.20,2,B
14:12:08,1937.20,1,B
14:12:08,1937.20,6,B
14:12:08,1937.20,1,B
14:12:08,1937.30,13,M
14:12:08,1937.20,1,B
14:12:08,1937.30,1,M
14:12:08,1937.20,1,B
14:12:08,1937.50,1,M
14:12:08,1937.50,1,M
14:12:08,1937.30,1,B
14:12:08,1937.30,1,B
14:12:08,1937.50,3,M
14:12:08,1937.40,1,M
14:12:07,1937.30,1,B
14:12:07,1937.30,1,B
14:12:07,1937.30,1,B
14:12:07,1937.40,4,M
14:12:07,1937.30,2,B
14:12:07,1937.40,1,M
14:12:07,1937.40,1,M
14:12:06,1937.30,2,B
14:12:06,1937.30,1,B
14:12:06,1937.40,1,M
14:12:05,1937.30,2,B
14:12:05,1937.30,1,B
14:12:05,1937.30,1,B
14:12:05,1937.30,1,B
14:12:04,1937.40,1,B
14:12:04,1937.40,1,B
14:12:03,1937.40,1,B
14:12:03,1937.40,1,B
14:12:03,1937.50,1,M
14:12:03,1937.40,1,B
14:12:02,1937.40,1,B
14:12:02,1937.50,1,M
14:12:02,1937.30,2,B
14:12:02,1937.30,1,B
14:12:02,1937.30,1,B
14:12:02,1937.40,1,B
14:12:02,1937.40,1,B
14:12:02,1937.40,1,B
14:12:02,1937.40,20,B
14:12:02,1937.40,1,B
14:12:02,1937.40,1,B
14:12:02,1937.40,1,B
14:12:01,1937.50,2,M
14:12:01,1937.50,2,M
14:12:01,1937.50,1,M
14:12:01,1937.50,1,M
14:12:01,1937.50,1,M
14:12:01,1937.50,1,M
14:12:01,1937.50,2,M
14:12:01,1937.50,1,M
14:12:01,1937.50,1,M
14:12:01,1937.50,1,M
14:12:01,1937.50,1,M
14:12:01,1937.50,1,M
14:12:01,1937.50,1,M
14:12:00,1937.50,1,M
14:12:00,1937.50,22,B
14:12:00,1937.70,1,M
14:12:00,1937.50,2,B
14:12:00,1937.70,1,M
14:12:00,1937.70,1,M
14:12:00,1937.70,1,M
14:12:00,1937.70,1,M
14:12:00,1937.50,1,B
14:11:59,1937.70,1,M
14:11:58,1937.40,1,B
14:11:58,1937.60,1,B
14:11:58,1937.60,1,B
14:11:58,1937.40,1,B
14:11:58,1937.40,2,B
14:11:58,1937.40,1,B
14:11:58,1937.60,1,M
14:11:58,1937.60,1,B
14:11:57,1937.70,1,M
14:11:57,1937.70,1,M
14:11:57,1937.60,1,M
14:11:56,1937.40,1,B
14:11:56,1937.40,1,B
14:11:56,1937.40,2,B
14:11:56,1937.40,1,B
14:11:56,1937.40,1,B
14:11:56,1937.40,1,B
14:11:56,1937.40,1,B
14:11:56,1937.40,2,B
14:11:56,1937.40,1,B
14:11:56,1937.40,1,B
14:11:56,1937.40,1,B
14:11:56,1937.40,1,B
14:11:56,1937.40,2,B
14:11:55,1937.40,1,B
14:11:55,1937.40,1,B
14:11:55,1937.60,1,B
14:11:55,1937.40,1,B
14:11:55,1937.40,1,B
14:11:55,1937.60,1,B
14:11:55,1937.40,1,B
14:11:55,1937.40,1,B
14:11:53,1937.40,1,B
14:11:53,1937.40,1,B
14:11:53,1937.40,1,B
14:11:53,1937.80,1,M
14:11:53,1937.80,1,M
14:11:53,1937.50,1,M
14:11:51,1937.40,2,B
14:11:51,1937.40,1,B
14:11:51,1937.40,1,B
14:11:49,1937.40,1,B
14:11:49,1937.50,1,B
14:11:48,1937.80,1,M
14:11:48,1937.70,1,M
14:11:48,1937.70,1,M
14:11:48,1937.40,1,B
14:11:48,1937.40,1,B
14:11:47,1937.80,1,M
14:11:47,1937.70,1,M
14:11:46,1937.40,1,M
14:11:46,1937.40,1,M
14:11:46,1937.40,3,M
14:11:46,1937.30,1,B
14:11:46,1937.30,1,B
14:11:46,1937.50,1,M
14:11:46,1937.50,1,M
14:11:45,1937.30,1,B
14:11:45,1937.30,1,B
14:11:45,1937.30,1,B
14:11:45,1937.30,3,B
14:11:45,1937.30,5,B
14:11:45,1937.40,3,B
14:11:45,1937.50,2,B
14:11:45,1937.50,1,B
14:11:45,1937.40,1,B
14:11:45,1937.50,3,B
14:11:45,1937.50,1,B
14:11:45,1937.50,2,B
14:11:45,1937.50,4,B
14:11:45,1937.50,5,B
14:11:45,1937.50,1,B
14:11:45,1937.50,1,B
14:11:45,1937.50,1,B
14:11:45,1937.60,1,B
14:11:45,1937.60,1,B
14:11:45,1937.60,1,B
14:11:45,1937.70,1,B
14:11:45,1937.70,3,B
14:11:45,1937.80,1,B
14:11:45,1938.00,1,B
14:11:45,1938.00,1,B
14:11:45,1938.00,1,B
14:11:45,1938.00,2,B
14:11:45,1938.00,19,B
14:11:44,1938.10,2,M
14:11:44,1938.00,1,B
14:11:44,1938.00,1,B
14:11:43,1938.00,1,B
14:11:43,1938.00,1,B
14:11:43,1938.00,1,B
14:11:43,1938.00,1,B
14:11:43,1938.00,1,B
14:11:43,1938.00,1,B
14:11:43,1938.00,1,B
14:11:43,1938.00,1,B
14:11:43,1938.00,1,B
14:11:43,1938.00,1,B
14:11:42,1938.00,1,B
14:11:42,1938.00,1,B
14:11:42,1938.00,1,B
14:11:42,1938.00,2,B
14:11:42,1938.10,1,B
14:11:41,1938.20,2,M
14:11:40,1938.10,1,B
14:11:40,1938.10,1,B
14:11:40,1938.20,5,M
14:11:40,1938.10,1,B
14:11:40,1938.10,1,B
14:11:40,1938.20,1,M
14:11:40,1938.20,1,M
14:11:40,1938.20,2,M
14:11:40,1938.20,1,M
14:11:40,1938.20,1,M
14:11:40,1938.20,1,M
14:11:40,1938.20,3,B
14:11:40,1938.30,2,B
14:11:40,1938.30,1,B
14:11:40,1938.30,1,B
14:11:40,1938.30,6,B
14:11:40,1938.40,1,B
14:11:40,1938.40,1,B
14:11:40,1938.40,3,B
14:11:40,1938.40,1,B
14:11:40,1938.40,1,B
14:11:40,1938.50,20,B
14:11:40,1938.50,19,B
14:11:40,1938.60,3,B
14:11:40,1938.60,1,B
14:11:40,1938.60,1,B
14:11:40,1938.60,1,B
14:11:40,1938.70,1,B
14:11:40,1938.70,1,B
14:11:40,1938.70,1,B
14:11:40,1938.70,1,B
14:11:40,1938.70,1,B
14:11:39,1938.70,1,B
14:11:39,1938.70,1,B
14:11:39,1939.20,2,M
14:11:39,1939.20,1,M
14:11:39,1939.20,1,M
14:11:39,1939.10,1,M
14:11:39,1939.10,1,M
14:11:39,1939.10,1,M
14:11:39,1939.10,3,M
14:11:39,1939.00,3,M
14:11:39,1939.00,1,M
14:11:39,1939.00,1,M
14:11:39,1939.00,4,M
14:11:39,1938.90,1,M
14:11:39,1938.50,2,B
14:11:39,1938.60,1,B
14:11:39,1938.60,1,B
14:11:38,1938.70,1,B
14:11:38,1939.00,1,M
14:11:37,1939.00,1,M
14:11:37,1939.00,2,M
14:11:37,1939.00,1,M
14:11:37,1939.00,1,M
14:11:37,1939.00,2,M
14:11:37,1938.90,1,M
14:11:36,1939.00,1,M
14:11:36,1939.00,1,M
14:11:36,1939.00,3,M
14:11:36,1939.00,1,M
14:11:36,1938.60,1,B
14:11:36,1938.80,1,B
14:11:36,1938.90,1,B
14:11:36,1939.00,1,M
14:11:36,1939.00,1,M
14:11:36,1939.00,3,M
14:11:35,1939.00,4,M
14:11:35,1939.00,5,M
14:11:35,1939.00,1,M
14:11:35,1938.90,1,B
14:11:35,1938.90,1,B
14:11:35,1938.90,1,B
14:11:35,1938.90,2,B
14:11:35,1939.00,1,M
14:11:35,1939.00,1,M
14:11:35,1939.00,1,M
14:11:35,1939.00,1,M
14:11:35,1939.00,1,M
14:11:35,1939.00,2,M
14:11:34,1939.00,1,M
14:11:34,1939.00,2,M
14:11:34,1939.00,1,M
14:11:34,1939.00,2,M
14:11:34,1939.00,1,M
14:11:33,1939.00,2,M
14:11:33,1939.00,1,M
14:11:33,1939.00,1,M
14:11:33,1939.00,2,M
14:11:33,1939.00,1,M
14:11:33,1939.00,1,M
14:11:32,1939.00,1,M
14:11:32,1938.90,1,B
14:11:32,1939.00,5,M
14:11:32,1939.00,5,M
14:11:32,1939.00,1,M
14:11:31,1938.90,1,B
14:11:31,1939.00,2,M
14:11:31,1938.90,1,B
14:11:31,1938.90,1,B
14:11:31,1938.90,1,B
14:11:30,1938.90,1,B
14:11:30,1939.00,1,M
14:11:30,1938.90,1,B
14:11:30,1939.00,1,M
14:11:30,1939.00,5,M
14:11:29,1938.90,2,B
14:11:29,1938.90,1,B
14:11:29,1938.90,1,B
14:11:29,1938.90,1,B
14:11:29,1939.00,6,M
14:11:29,1939.00,5,M
14:11:29,1939.00,4,M
14:11:29,1939.00,1,M
14:11:29,1939.00,1,M
14:11:29,1939.00,4,M
14:11:29,1939.00,2,M
14:11:29,1939.00,2,M
14:11:29,1939.00,1,M
14:11:29,1939.00,2,M
14:11:29,1939.00,3,M
14:11:29,1939.00,1,M
14:11:29,1938.90,4,M
14:11:29,1938.90,1,M
14:11:29,1938.90,1,M
14:11:29,1938.90,1,M
14:11:28,1938.90,1,M
14:11:28,1938.90,1,M
14:11:28,1938.90,1,M
14:11:28,1938.90,1,M
14:11:28,1938.90,1,M
14:11:28,1938.80,1,B
14:11:27,1938.90,1,M
14:11:27,1938.80,3,B
14:11:27,1938.90,1,M
14:11:26,1938.90,1,M
14:11:26,1938.90,1,M
14:11:25,1938.80,1,B
14:11:24,1938.80,1,B
14:11:24,1938.80,1,B
14:11:24,1938.80,1,M
14:11:24,1938.80,1,M
14:11:24,1938.80,5,M
14:11:24,1938.70,3,M
14:11:24,1938.70,1,M
14:11:24,1938.70,1,M
14:11:23,1938.70,1,M
14:11:23,1938.60,8,M
14:11:23,1938.50,4,B
14:11:23,1938.50,1,B
14:11:23,1938.60,1,B
14:11:23,1938.60,1,B
14:11:22,1938.70,1,M
14:11:21,1938.60,1,M
14:11:21,1938.60,1,M
14:11:21,1938.60,1,M
14:11:21,1938.60,1,M
14:11:21,1938.60,1,M
14:11:20,1938.60,1,M
14:11:20,1938.60,1,M
14:11:20,1938.60,1,M
14:11:20,1938.60,1,M
14:11:20,1938.60,1,M
14:11:20,1938.60,1,M
14:11:20,1938.60,1,M
14:11:19,1938.60,1,M
14:11:19,1938.60,1,M
14:11:18,1938.50,1,B
14:11:18,1938.50,1,B
14:11:18,1938.60,2,B
14:11:17,1938.60,1,B
14:11:17,1938.60,1,B
14:11:17,1938.60,1,B
14:11:17,1938.60,1,B
14:11:17,1938.60,1,B
14:11:17,1938.60,1,B
14:11:16,1938.60,1,M
14:11:16,1938.60,1,M
14:11:15,1938.60,1,M
14:11:15,1938.60,1,M
14:11:15,1938.50,1,B
14:11:15,1938.50,1,B
14:11:15,1938.40,1,B
14:11:15,1938.60,15,B
14:11:14,1938.80,1,M
14:11:13,1938.80,1,M
14:11:12,1938.40,1,B
14:11:12,1938.40,1,B
14:11:09,1938.30,1,B
14:11:09,1938.70,1,M
14:11:09,1938.70,1,M
14:11:09,1938.30,1,B
14:11:08,1938.30,3,B
14:11:08,1938.40,1,B
14:11:08,1938.40,3,B
14:11:08,1938.50,1,B
14:11:08,1938.50,1,B
14:11:08,1938.50,1,B
14:11:07,1938.80,3,M
14:11:07,1938.80,1,M
14:11:07,1938.80,1,M
14:11:07,1938.80,1,M
14:11:07,1938.80,1,M
14:11:07,1938.70,1,M
14:11:07,1938.70,1,M
14:11:07,1938.60,1,M
14:11:07,1938.30,1,B
14:11:06,1938.30,1,B
14:11:05,1938.30,1,B
14:11:04,1938.80,6,M
14:11:04,1938.70,1,M
14:11:04,1938.70,1,M
14:11:03,1938.30,1,B
14:11:03,1938.30,1,B
14:11:03,1938.40,1,B
14:11:03,1938.80,4,M
14:11:03,1938.80,2,M
14:11:03,1938.80,1,M
14:11:03,1938.80,1,M
14:11:03,1938.80,1,M
14:11:03,1938.40,1,B
14:11:03,1938.40,1,B
14:11:03,1938.40,1,B
14:11:03,1938.50,8,B
14:11:03,1938.70,4,B
14:11:03,1938.80,2,M
14:11:02,1938.80,2,M
14:11:02,1938.70,3,B
14:11:02,1938.80,1,M
14:11:02,1938.90,2,M
14:11:02,1938.90,1,M
14:11:02,1938.90,2,M
14:11:02,1938.90,1,B
14:11:02,1939.00,1,M
14:11:02,1939.00,5,M
14:11:01,1939.00,1,M
14:11:01,1939.00,1,M
14:11:01,1939.00,1,M
14:11:01,1939.00,1,M
14:11:01,1938.90,1,B
14:11:01,1938.90,1,B
14:11:00,1938.70,4,B
14:11:00,1938.70,1,B
14:11:00,1938.70,1,B
14:11:00,1938.70,1,B
14:11:00,1938.70,1,B
14:11:00,1938.70,1,B
14:11:00,1938.70,1,B
14:11:00,1938.70,1,B
14:11:00,1938.70,1,B
14:11:00,1938.70,1,B
14:11:00,1938.70,1,B
14:11:00,1939.00,1,M
14:11:00,1939.00,1,M
14:11:00,1939.00,1,M
14:11:00,1939.00,1,M
14:11:00,1939.00,2,M
14:11:00,1939.00,1,M
14:11:00,1939.00,1,M
14:11:00,1938.90,1,M
14:11:00,1938.90,1,M
14:11:00,1938.90,1,M
14:10:59,1938.90,1,M
14:10:59,1938.80,1,B
14:10:59,1938.90,1,M
14:10:59,1938.90,2,M
14:10:59,1938.90,1,M
14:10:59,1938.90,1,M
14:10:59,1938.90,1,B
14:10:59,1939.00,1,M
14:10:59,1939.00,1,M
14:10:59,1939.00,1,M
14:10:59,1939.00,2,M
14:10:59,1939.00,1,M
14:10:58,1939.00,1,M
14:10:58,1939.00,1,M
14:10:58,1939.00,1,M
14:10:58,1939.00,2,M
14:10:58,1939.00,1,M
14:10:58,1938.70,1,B
14:10:58,1939.00,1,M
14:10:58,1938.70,1,B
14:10:58,1939.00,1,M
14:10:58,1939.00,1,M
14:10:58,1939.00,1,M
14:10:58,1939.00,1,M
14:10:58,1938.80,1,B
14:10:58,1938.80,1,B
14:10:58,1938.80,1,B
14:10:58,1939.00,2,M
14:10:57,1939.00,1,M
14:10:57,1939.00,1,M
14:10:57,1939.00,1,M
14:10:57,1939.00,3,M
14:10:57,1938.90,1,M
14:10:57,1938.90,1,M
14:10:57,1938.70,1,B
14:10:57,1938.70,1,B
14:10:57,1938.80,1,B
14:10:57,1938.70,1,M
14:10:56,1938.70,1,M
14:10:56,1938.70,2,M
14:10:56,1938.70,2,M
14:10:56,1938.50,3,B
14:10:56,1938.60,1,B
14:10:56,1938.70,2,M
14:10:56,1938.70,2,M
14:10:56,1938.70,1,M
14:10:56,1938.70,1,M
14:10:55,1938.80,1,M
14:10:55,1938.70,1,M
14:10:55,1938.30,1,B
14:10:55,1938.70,1,M
14:10:55,1938.70,1,M
14:10:55,1938.70,1,M
14:10:55,1938.20,1,B
14:10:55,1938.80,2,M
14:10:55,1938.80,1,M
14:10:55,1938.80,1,M
14:10:55,1938.80,1,M
14:10:55,1938.70,1,M
14:10:55,1938.70,1,M
14:10:55,1938.70,3,M
14:10:55,1938.60,1,M
14:10:55,1938.60,1,M
14:10:55,1938.50,1,M
14:10:55,1938.50,1,M
14:10:55,1938.50,1,M
14:10:55,1938.50,1,M
14:10:55,1938.50,1,M
14:10:55,1938.50,17,M
14:10:55,1938.50,9,M
14:10:55,1938.50,1,M
14:10:55,1938.50,1,M
14:10:55,1938.50,1,M
14:10:55,1938.50,2,M
14:10:55,1938.50,1,M
14:10:55,1938.50,1,M
14:10:55,1938.40,1,M
14:10:55,1938.40,1,M
14:10:55,1938.40,4,M
14:10:55,1938.40,3,M
14:10:55,1938.40,1,M
14:10:55,1938.30,1,M
14:10:55,1938.30,9,M
14:10:54,1938.00,1,B
14:10:53,1938.00,1,B
14:10:52,1938.00,2,B
14:10:52,1938.00,1,B
14:10:52,1938.00,4,B
14:10:52,1938.00,3,B
14:10:51,1938.00,1,B
14:10:48,1938.00,1,B
14:10:47,1937.90,1,B
14:10:47,1938.30,1,M
14:10:47,1938.30,1,M
14:10:47,1938.30,1,M
14:10:47,1938.30,1,M
14:10:47,1938.00,1,M
14:10:47,1937.90,1,B
14:10:47,1938.00,1,M
14:10:46,1938.00,1,B
14:10:46,1938.00,12,B
14:10:45,1938.40,1,M
14:10:45,1938.30,2,M
14:10:45,1938.00,1,B
14:10:45,1938.00,1,B
14:10:45,1938.00,1,B
14:10:45,1938.30,1,M
14:10:43,1938.00,1,B
14:10:41,1937.90,3,B
14:10:41,1938.40,10,M
14:10:41,1938.30,1,M
14:10:41,1938.30,1,M
14:10:41,1938.30,1,M
14:10:41,1938.30,5,M
14:10:41,1938.20,1,M
14:10:41,1938.20,20,M
14:10:41,1938.10,1,M
14:10:41,1938.00,5,M
14:10:41,1938.00,1,M
14:10:41,1938.00,7,M
14:10:41,1938.00,1,M
14:10:40,1937.90,1,M
14:10:40,1937.90,1,M
14:10:40,1937.90,2,M
14:10:40,1937.90,1,M
14:10:40,1937.90,1,M
14:10:40,1937.90,1,M
14:10:38,1937.90,1,M
14:10:38,1937.80,7,B
14:10:38,1937.80,1,B
14:10:37,1937.90,5,M
14:10:37,1937.80,1,M
14:10:37,1937.80,1,M
14:10:36,1937.70,12,M
14:10:36,1937.50,1,M
14:10:36,1937.50,1,M
14:10:36,1937.50,1,M
14:10:35,1937.30,6,M
14:10:35,1937.10,3,B
14:10:35,1937.10,1,B
14:10:35,1937.10,1,B
14:10:35,1937.20,1,B
14:10:34,1937.30,1,M
14:10:34,1937.20,1,B
14:10:34,1937.30,1,B
14:10:34,1937.40,2,B
14:10:33,1937.50,1,M
14:10:33,1937.50,1,M
14:10:33,1937.40,12,M
14:10:33,1937.40,1,M
14:10:33,1937.10,4,B
14:10:33,1937.30,1,B
14:10:32,1937.10,1,B
14:10:32,1937.20,1,M
14:10:32,1937.20,1,M
14:10:32,1937.10,1,B
14:10:31,1937.20,1,M
14:10:31,1937.20,1,M
14:10:31,1937.20,2,M
14:10:31,1937.10,1,B
14:10:30,1937.10,1,B
14:10:29,1937.10,3,M
14:10:29,1937.00,8,B
14:10:29,1937.10,1,B
14:10:29,1937.10,1,B
14:10:29,1937.10,1,B
14:10:29,1937.10,1,B
14:10:29,1937.10,1,B
14:10:29,1937.10,1,B
14:10:28,1937.50,1,M
14:10:28,1937.10,5,B
14:10:28,1937.10,1,B
14:10:28,1937.10,1,B
14:10:28,1937.10,1,B
14:10:28,1937.10,1,B
14:10:28,1937.10,1,B
14:10:28,1937.10,3,B
14:10:28,1937.20,1,B
14:10:28,1937.20,2,B
14:10:28,1937.20,2,B
14:10:28,1937.20,2,B
14:10:28,1937.20,1,B
14:10:28,1937.30,5,B
14:10:28,1937.40,1,B
14:10:28,1937.40,1,B
14:10:28,1937.40,12,B
14:10:28,1937.50,1,M
14:10:27,1937.40,1,B
14:10:27,1937.40,7,B
14:10:27,1937.50,1,B
14:10:27,1937.50,2,B
14:10:27,1937.50,8,B
14:10:27,1937.50,2,B
14:10:27,1937.50,1,B
14:10:27,1937.50,1,B
14:10:27,1937.50,2,B
14:10:27,1937.50,2,B
14:10:27,1937.60,5,B
14:10:27,1937.60,2,B
14:10:27,1937.60,1,B
14:10:27,1937.60,2,B
14:10:26,1937.60,3,B
14:10:26,1937.60,2,B
14:10:26,1937.60,2,B
14:10:24,1937.60,11,B
14:10:24,1937.60,1,B
14:10:24,1937.70,1,B
14:10:24,1937.80,17,B
14:10:23,1938.00,1,M
14:10:23,1938.00,1,M
14:10:22,1937.70,1,B
14:10:21,1938.00,2,B
14:10:21,1938.00,1,B
14:10:20,1938.00,2,B
14:10:20,1938.10,1,M
14:10:20,1938.10,1,M
14:10:18,1938.00,1,M
14:10:18,1938.00,1,M
14:10:18,1938.00,1,M
14:10:18,1938.00,1,M
14:10:18,1938.00,1,M
14:10:18,1937.90,2,M
14:10:18,1937.80,1,M
14:10:18,1937.80,2,M
14:10:18,1937.70,5,M
14:10:17,1937.60,1,B
14:10:17,1937.60,1,B
14:10:16,1937.60,1,B
14:10:16,1937.70,1,B
14:10:16,1937.70,1,M
14:10:16,1937.70,1,M
14:10:16,1937.60,2,B
14:10:16,1937.60,2,B
14:10:14,1937.60,1,B
14:10:14,1937.50,1,B
14:10:14,1937.50,1,B
14:10:14,1937.50,2,B
14:10:12,1937.50,7,B
14:10:12,1937.50,2,B
14:10:12,1937.50,3,B
14:10:11,1937.50,1,B
14:10:11,1937.50,8,B
14:10:11,1937.50,1,B
14:10:11,1937.50,1,B
14:10:11,1937.50,2,B
14:10:10,1937.60,3,M
14:10:10,1937.60,1,M
14:10:10,1937.60,1,M
14:10:10,1937.60,5,M
14:10:09,1937.50,2,B
14:10:09,1937.50,1,B
14:10:09,1937.60,1,B
14:10:08,1937.90,1,M
14:10:08,1937.60,1,B
14:10:08,1937.60,1,B
14:10:08,1937.60,1,B
14:10:08,1937.60,1,B
14:10:08,1937.60,1,B
14:10:07,1938.00,1,M
14:10:07,1938.00,1,M
14:10:07,1938.00,1,M
14:10:07,1937.90,3,M
14:10:07,1937.70,1,M
14:10:07,1937.70,1,M
14:10:07,1937.70,1,M
14:10:07,1937.70,1,M
14:10:06,1937.40,1,B
14:10:06,1938.30,2,M
14:10:06,1937.30,1,B
14:10:06,1937.40,1,B
14:10:06,1937.40,3,B
14:10:06,1937.50,1,B
14:10:06,1937.50,1,B
14:10:06,1937.50,1,B
14:10:06,1937.50,1,B
14:10:06,1937.50,1,B
14:10:06,1937.50,15,B
14:10:06,1937.50,2,B
14:10:06,1937.50,1,B
14:10:06,1937.60,3,B
14:10:06,1937.60,1,B
14:10:06,1937.60,12,B
14:10:06,1937.60,1,B
14:10:06,1937.60,3,B
14:10:06,1937.60,5,B
14:10:06,1937.60,1,B
14:10:06,1937.70,1,B
14:10:06,1937.70,1,B
14:10:06,1937.70,3,B
14:10:06,1937.70,5,B
14:10:06,1937.70,3,B
14:10:06,1937.70,1,B
14:10:06,1937.80,1,B
14:10:06,1937.80,3,B
14:10:06,1937.80,1,B
14:10:06,1937.80,2,B
14:10:06,1937.90,2,B
14:10:06,1937.90,1,B
14:10:06,1937.90,1,B
14:10:06,1937.90,1,B
14:10:06,1937.90,3,B
14:10:06,1938.00,1,B
14:10:06,1938.00,1,B
14:10:06,1938.10,1,B
14:10:06,1938.10,1,B
14:10:06,1938.10,1,B
14:10:06,1938.10,1,B
14:10:06,1938.20,1,B
14:10:05,1938.40,2,M
14:10:05,1938.40,1,B
14:10:05,1938.40,1,B
14:10:05,1938.40,1,B
14:10:04,1938.50,1,M
14:10:04,1938.40,1,B
14:10:03,1938.40,1,B
14:10:03,1938.40,1,B
14:10:03,1938.50,1,M
14:10:01,1938.40,1,B
14:10:00,1938.50,1,M
14:09:59,1938.50,1,M
14:09:58,1938.50,1,B
14:09:58,1938.50,1,B
14:09:58,1938.60,4,M
14:09:58,1938.60,1,M
14:09:57,1938.50,1,B
14:09:57,1938.50,1,B
14:09:56,1938.50,1,B
14:09:56,1938.50,1,B
14:09:52,1938.50,1,M
14:09:52,1938.50,2,M
14:09:49,1938.50,2,B
14:09:48,1938.50,1,B
14:09:48,1938.50,1,B
14:09:48,1938.50,1,B
14:09:48,1938.50,1,B
14:09:48,1938.60,1,B
14:09:48,1938.70,1,M
14:09:47,1938.80,1,M
14:09:47,1938.70,1,M
14:09:46,1938.80,1,B
14:09:45,1938.90,3,M
14:09:45,1938.80,1,M
14:09:43,1939.00,8,M
14:09:43,1938.90,1,M
14:09:43,1938.90,2,M
14:09:43,1938.90,1,M
14:09:43,1938.90,4,M
14:09:43,1938.80,1,M
14:09:43,1938.80,1,M
14:09:42,1938.80,1,B
14:09:42,1938.80,2,B
14:09:40,1938.80,1,B
14:09:39,1938.90,1,M
14:09:39,1938.90,1,M
14:09:39,1938.80,1,B
14:09:38,1938.90,2,M
14:09:37,1938.80,1,B
14:09:37,1938.80,4,B
14:09:36,1938.80,1,B
14:09:33,1938.80,1,B
14:09:33,1938.80,1,B
14:09:33,1938.80,1,B
14:09:32,1938.90,3,M
14:09:32,1938.80,1,B
14:09:32,1938.90,3,M
14:09:31,1938.80,4,B
14:09:31,1938.80,2,B
14:09:30,1938.90,2,M
14:09:29,1938.90,2,M
14:09:29,1938.90,3,M
14:09:27,1938.90,4,M
14:09:27,1938.70,1,B
14:09:27,1938.90,4,M
14:09:27,1939.00,10,M
14:09:27,1939.00,5,M
14:09:27,1939.00,4,M
14:09:27,1939.00,5,M
14:09:27,1939.00,2,M
14:09:27,1939.00,1,M
14:09:27,1939.00,3,M
14:09:26,1939.00,1,M
14:09:26,1939.00,1,M
14:09:25,1939.00,2,M
14:09:25,1939.00,10,M
14:09:25,1939.00,1,M
14:09:25,1938.90,1,M
14:09:25,1938.90,1,M
14:09:25,1938.90,3,M
14:09:25,1938.80,2,M
14:09:25,1938.80,4,M
14:09:24,1938.80,3,M
14:09:24,1938.70,2,M
14:09:24,1938.80,1,M
14:09:24,1938.80,1,M
14:09:24,1938.80,1,M
14:09:23,1938.90,2,M
14:09:23,1938.80,1,M
14:09:23,1938.80,3,M
14:09:23,1938.80,2,M
14:09:23,1938.80,3,M
14:09:23,1938.70,2,M
14:09:22,1938.60,2,B
14:09:22,1938.60,1,B
14:09:21,1938.70,1,B
14:09:20,1938.60,7,M
14:09:19,1938.60,2,M
14:09:17,1938.20,1,M
14:09:16,1938.60,4,M
14:09:16,1938.60,1,M
14:09:16,1938.60,3,M
14:09:16,1938.50,1,M
14:09:16,1938.50,1,M
14:09:16,1938.50,3,M
14:09:16,1938.40,1,M
14:09:16,1938.40,1,M
14:09:16,1938.40,1,M
14:09:16,1938.40,1,M
14:09:16,1938.30,1,M
14:09:16,1938.30,3,M
14:09:16,1938.20,5,M
14:09:16,1938.20,4,M
14:09:14,1938.20,1,M
14:09:13,1938.20,1,M
14:09:12,1938.20,1,M
14:09:12,1937.90,2,M
14:09:12,1937.90,1,M
14:09:12,1937.80,2,M
14:09:12,1937.80,1,M
14:09:11,1937.70,2,B
14:09:10,1937.80,1,M
14:09:10,1937.70,1,B
14:09:10,1937.70,2,B
14:09:10,1937.70,1,B
14:09:10,1937.70,1,B
14:09:10,1937.70,2,B
14:09:07,1937.60,4,B
14:09:07,1937.60,1,B
14:09:06,1937.60,1,B
14:09:06,1937.60,1,B
14:09:06,1937.70,8,B
14:09:06,1937.70,2,B
14:09:04,1937.50,5,B
14:09:04,1937.80,1,B
14:09:04,1937.60,4,M
14:09:04,1937.60,1,M
14:09:04,1937.60,1,M
14:09:04,1937.60,1,M
14:09:04,1937.60,1,M
14:09:04,1937.60,1,M
14:09:03,1937.60,1,M
14:09:03,1937.60,1,B
14:09:03,1937.60,1,B
14:09:03,1937.60,1,B
14:09:02,1937.60,1,B
14:09:01,1937.60,2,M
14:09:01,1937.60,1,M
14:09:01,1937.60,2,M
14:09:01,1937.60,3,M
14:09:01,1937.60,2,M
14:09:01,1937.50,1,B
14:09:01,1937.50,1,B
14:09:01,1937.50,1,B
14:09:01,1937.50,1,B
14:09:01,1937.50,1,B
14:09:01,1937.50,2,B
14:09:01,1937.50,1,B
14:09:01,1937.50,1,B
14:09:00,1937.60,1,B
14:09:00,1937.70,1,B
14:09:00,1937.70,1,B
14:09:00,1937.70,5,B
14:09:00,1937.80,2,B
14:09:00,1937.80,1,B
14:09:00,1937.80,4,B
14:09:00,1937.90,1,M
14:09:00,1937.80,1,B
14:09:00,1937.80,2,B
14:09:00,1937.80,2,B
14:09:00,1937.80,1,B
14:09:00,1937.80,1,B
14:09:00,1937.80,3,B
14:09:00,1938.00,1,B
14:09:00,1938.00,1,B
14:08:59,1938.40,1,B
14:08:59,1938.40,1,B
14:08:58,1938.70,2,B
14:08:58,1938.70,2,M
14:08:58,1938.70,1,M
14:08:58,1937.70,4,B
14:08:58,1937.70,5,B
14:08:58,1937.70,1,B
14:08:58,1937.70,1,B
14:08:58,1937.80,3,B
14:08:58,1937.90,3,B
14:08:58,1937.90,1,B
14:08:58,1938.00,1,B
14:08:58,1938.00,2,B
14:08:58,1938.00,2,B
14:08:58,1938.10,1,B
14:08:58,1938.10,1,B
14:08:58,1938.10,1,B
14:08:58,1938.10,14,B
14:08:58,1938.20,7,B
14:08:58,1938.30,2,B
14:08:58,1938.30,1,B
14:08:58,1938.30,1,B
14:08:58,1938.30,6,B
14:08:58,1938.30,1,B
14:08:58,1938.30,1,B
14:08:58,1938.30,1,B
14:08:58,1938.30,1,B
14:08:58,1938.40,3,B
14:08:58,1938.40,2,B
14:08:58,1938.40,2,B
14:08:58,1938.40,3,B
14:08:58,1938.50,1,B
14:08:58,1938.50,2,B
14:08:58,1938.50,1,B
14:08:58,1938.50,1,B
14:08:58,1938.50,1,B
14:08:58,1938.60,20,B
14:08:57,1938.60,4,B
14:08:57,1938.60,1,B
14:08:56,1938.60,2,B
14:08:56,1938.60,1,B
14:08:56,1938.60,1,B
14:08:55,1938.70,1,M
14:08:55,1938.60,1,B
14:08:54,1938.60,1,B
14:08:53,1938.60,1,B
14:08:52,1938.50,1,B
14:08:51,1938.60,1,B
14:08:51,1938.60,1,B
14:08:51,1938.70,1,B
14:08:49,1938.70,1,M
14:08:49,1938.60,1,B
14:08:49,1938.60,1,B
14:08:48,1938.70,5,B
14:08:48,1938.70,1,B
14:08:48,1938.90,1,M
14:08:48,1938.50,2,B
14:08:48,1938.60,3,B
14:08:47,1938.90,1,M
14:08:47,1939.10,2,M
14:08:47,1939.00,3,M
14:08:47,1938.90,1,M
14:08:47,1938.90,1,M
14:08:47,1938.90,3,M
14:08:47,1938.90,1,M
14:08:47,1938.90,1,M
14:08:47,1938.90,1,M
14:08:47,1938.90,1,M
14:08:47,1938.80,1,M
14:08:47,1938.80,1,M
14:08:47,1938.80,2,M
14:08:47,1938.80,1,M
14:08:47,1938.70,1,M
14:08:47,1938.50,5,M
14:08:47,1938.40,12,M
14:08:47,1938.40,3,M
14:08:47,1938.30,1,B
14:08:47,1938.30,1,B
14:08:47,1938.30,1,B
14:08:47,1938.30,1,B
14:08:47,1938.30,1,B
14:08:47,1938.30,1,B
14:08:47,1938.30,1,B
14:08:47,1938.30,1,B
14:08:46,1938.20,1,B
14:08:46,1938.60,1,M
14:08:46,1938.50,3,M
14:08:46,1938.50,2,M
14:08:46,1938.50,1,M
14:08:46,1938.50,2,M
14:08:46,1938.50,3,M
14:08:46,1938.20,1,B
14:08:46,1938.10,3,B
14:08:46,1938.20,2,B
14:08:46,1938.20,5,B
14:08:46,1938.20,5,B
14:08:46,1938.20,5,B
14:08:46,1938.30,3,B
14:08:46,1938.50,3,B
14:08:46,1938.60,1,B
14:08:46,1938.70,2,B
14:08:46,1938.70,10,B
14:08:46,1938.80,3,B
14:08:46,1938.80,3,B
14:08:46,1938.80,1,B
14:08:46,1938.80,12,B
14:08:46,1938.90,3,B
14:08:46,1938.90,1,B
14:08:46,1938.90,1,B
14:08:46,1939.00,1,B
14:08:46,1939.00,1,B
14:08:46,1939.10,1,B
14:08:46,1939.10,1,B
14:08:46,1939.10,1,B
14:08:46,1939.10,1,B
14:08:46,1939.20,3,B
14:08:46,1939.20,2,B
14:08:46,1939.20,1,B
14:08:46,1939.20,1,B
14:08:46,1939.20,1,B
14:08:46,1939.30,1,B
14:08:46,1939.30,2,B
14:08:46,1939.40,2,B
14:08:46,1939.40,1,B
14:08:46,1939.50,1,B
14:08:46,1939.50,16,B
14:08:46,1939.70,1,M
14:08:45,1939.70,1,M
14:08:45,1939.50,4,B
14:08:45,1939.60,1,B
14:08:45,1939.70,6,M
14:08:45,1939.70,1,M
14:08:45,1939.80,7,M
14:08:45,1939.70,1,M
14:08:44,1939.60,1,B
14:08:44,1939.80,1,M
14:08:44,1939.70,1,M
14:08:44,1939.60,1,B
14:08:44,1939.70,1,B
14:08:43,1939.80,2,M
14:08:43,1939.70,1,B
14:08:43,1939.80,2,M
14:08:43,1939.70,1,B
14:08:43,1939.80,1,M
14:08:43,1939.70,1,B
14:08:43,1939.70,2,B
14:08:42,1939.70,1,B
14:08:42,1939.80,1,M
14:08:42,1939.70,1,B
14:08:42,1939.70,1,B
14:08:41,1939.70,1,B
14:08:41,1939.80,1,M
14:08:41,1939.80,2,M
14:08:41,1939.70,1,B
14:08:41,1939.80,1,M
14:08:41,1939.70,3,B
14:08:41,1939.70,1,B
14:08:41,1939.80,1,M
14:08:41,1939.70,1,B
14:08:41,1939.70,2,B
14:08:41,1939.80,1,M
14:08:40,1939.70,1,B
14:08:40,1939.80,1,M
14:08:40,1939.70,2,B
14:08:40,1939.70,2,B
14:08:40,1939.70,1,B
14:08:40,1939.70,1,B
14:08:40,1939.80,1,M
14:08:40,1939.80,1,M
14:08:40,1939.70,1,B
14:08:40,1939.80,2,M
14:08:40,1939.80,2,M
14:08:40,1939.80,1,M
14:08:40,1939.80,2,M
14:08:40,1939.80,1,M
14:08:40,1939.80,1,M
14:08:40,1939.80,2,M
14:08:40,1939.60,1,B
14:08:39,1939.70,1,M
14:08:39,1939.70,1,M
14:08:39,1939.70,1,M
14:08:39,1939.70,1,M
14:08:39,1939.70,2,M
14:08:39,1939.70,1,M
14:08:39,1939.70,1,M
14:08:39,1939.60,1,M
14:08:39,1939.60,2,M
14:08:39,1939.60,1,M
14:08:39,1939.50,3,B
14:08:39,1939.60,2,M
14:08:39,1939.60,9,M
14:08:39,1939.60,5,M
14:08:39,1939.60,11,M
14:08:39,1939.60,3,M
14:08:38,1939.60,2,M
14:08:38,1939.60,10,M
14:08:38,1939.50,2,B
14:08:38,1939.60,2,M
14:08:38,1939.60,22,M
14:08:38,1939.60,1,M
14:08:38,1939.60,1,M
14:08:38,1939.50,4,M
14:08:38,1939.40,1,M
14:08:38,1939.40,1,M
14:08:38,1939.40,2,M
14:08:38,1939.50,3,B
14:08:38,1939.50,6,B
14:08:37,1939.50,2,M
14:08:37,1939.50,1,M
14:08:37,1939.50,1,M
14:08:37,1939.50,1,M
14:08:37,1939.50,1,M
14:08:37,1939.50,2,M
14:08:37,1939.50,2,M
14:08:37,1939.50,4,M
14:08:37,1939.50,2,M
14:08:37,1939.10,1,B
14:08:37,1939.20,2,B
14:08:37,1939.50,1,M
14:08:37,1939.10,1,B
14:08:37,1939.50,3,M
14:08:37,1939.40,1,M
14:08:36,1939.50,1,M
14:08:36,1939.50,1,M
14:08:36,1939.50,1,M
14:08:36,1939.40,3,M
14:08:36,1938.90,1,B
14:08:36,1938.90,1,B
14:08:36,1938.90,1,B
14:08:36,1939.00,1,B
14:08:36,1939.00,1,B
14:08:36,1939.40,1,M
14:08:36,1939.40,1,M
14:08:36,1939.40,3,M
14:08:36,1939.40,2,M
14:08:36,1939.30,1,M
14:08:36,1939.30,1,M
14:08:36,1939.30,1,M
14:08:36,1939.30,1,M
14:08:36,1939.30,2,M
14:08:36,1939.30,1,M
14:08:36,1939.20,1,M
14:08:36,1939.20,1,M
14:08:36,1939.20,2,M
14:08:36,1939.00,1,M
14:08:36,1939.00,3,M
14:08:36,1939.00,1,M
14:08:36,1939.00,1,M
14:08:36,1939.00,1,M
14:08:36,1938.90,2,M
14:08:36,1938.80,1,M
14:08:36,1938.80,2,M
14:08:35,1938.80,1,M
14:08:35,1938.80,1,M
14:08:35,1938.80,1,M
14:08:35,1938.80,1,M
14:08:35,1938.80,2,M
14:08:35,1938.70,2,B
14:08:35,1938.80,2,M
14:08:35,1938.80,1,M
14:08:35,1938.70,3,M
14:08:35,1938.70,6,M
14:08:35,1938.70,10,M
14:08:35,1938.70,5,M
14:08:35,1938.50,1,M
14:08:35,1938.50,3,M
14:08:35,1938.40,1,M
14:08:34,1938.10,1,B
14:08:34,1938.00,1,B
14:08:34,1938.10,3,B
14:08:34,1938.60,1,M
14:08:34,1938.60,1,M
14:08:34,1938.50,2,M
14:08:33,1938.60,1,M
14:08:33,1938.50,1,M
14:08:33,1938.50,1,M
14:08:33,1938.50,4,M
14:08:33,1938.40,1,M
14:08:33,1938.40,1,M
14:08:33,1938.40,1,M
14:08:33,1938.40,30,M
14:08:33,1938.30,1,M
14:08:33,1938.30,1,M
14:08:33,1938.30,1,M
14:08:33,1938.30,1,M
14:08:33,1938.20,2,M
14:08:33,1938.20,2,M
14:08:33,1938.20,2,M
14:08:33,1938.20,1,M
14:08:33,1938.10,1,M
14:08:33,1938.10,1,M
14:08:33,1938.10,1,M
14:08:33,1938.10,2,M
14:08:33,1938.00,1,M
14:08:33,1937.90,1,M
14:08:33,1937.80,1,B
14:08:33,1937.80,1,M
14:08:33,1937.70,2,B
14:08:33,1937.80,1,B
14:08:33,1937.90,3,M
14:08:33,1937.80,1,B
14:08:32,1938.20,1,B
14:08:32,1938.20,1,B
14:08:32,1937.40,1,M
14:08:32,1937.40,3,M
14:08:32,1937.40,1,M
14:08:32,1937.40,1,M
14:08:32,1937.40,2,B
14:08:32,1937.50,1,B
14:08:32,1937.50,1,B
14:08:32,1937.50,1,B
14:08:32,1937.60,2,B
14:08:32,1938.30,1,M
14:08:32,1938.30,1,M
14:08:32,1938.20,1,M
14:08:32,1938.20,1,M
14:08:32,1938.20,3,M
14:08:32,1938.20,1,M
14:08:32,1938.20,1,M
14:08:32,1938.20,1,M
14:08:32,1938.20,1,M
14:08:32,1938.20,2,M
14:08:32,1938.20,1,M
14:08:32,1938.20,1,M
14:08:32,1938.20,1,M
14:08:32,1938.10,1,M
14:08:32,1938.10,3,M
14:08:32,1938.10,1,M
14:08:32,1938.10,6,M
14:08:32,1938.10,1,M
14:08:32,1938.00,2,M
14:08:32,1938.00,1,M
14:08:32,1938.00,1,M
14:08:32,1937.90,2,M
14:08:32,1937.90,1,M
14:08:32,1937.90,1,M
14:08:32,1937.90,3,M
14:08:32,1937.90,1,M
14:08:32,1937.90,1,M
14:08:32,1937.50,1,B
14:08:32,1938.00,2,M
14:08:32,1937.50,1,M
14:08:32,1937.90,1,M
14:08:32,1937.80,1,M
14:08:32,1937.70,15,M
14:08:32,1937.70,1,M
14:08:32,1937.50,1,M
14:08:32,1937.50,2,M
14:08:32,1937.50,1,B
14:08:32,1937.50,7,B
14:08:32,1937.50,1,B
14:08:31,1937.50,1,B
14:08:31,1937.70,1,M
14:08:31,1937.70,1,M
14:08:30,1937.50,20,B
14:08:30,1937.50,4,B
14:08:29,1937.50,7,B
14:08:29,1937.70,1,M
14:08:29,1937.60,1,M
14:08:29,1937.70,1,B
14:08:28,1937.70,1,B
14:08:28,1937.90,1,B
14:08:26,1937.90,1,B
14:08:25,1937.90,1,B
14:08:25,1937.80,5,M
14:08:25,1937.80,1,M
14:08:25,1937.50,1,B
14:08:25,1937.60,2,B
14:08:25,1937.60,7,B
14:08:25,1937.70,1,B
14:08:25,1937.70,3,B
14:08:25,1937.70,1,B
14:08:25,1937.70,1,B
14:08:25,1937.70,4,B
14:08:24,1937.80,1,B
14:08:22,1937.80,3,B
14:08:21,1937.80,3,B
14:08:21,1937.80,1,B
14:08:21,1937.80,1,B
14:08:21,1937.80,1,B
14:08:21,1937.80,1,B
14:08:21,1938.20,2,M
14:08:21,1938.10,1,M
14:08:21,1937.70,1,B
14:08:21,1938.10,1,M
14:08:21,1938.10,1,M
14:08:21,1938.10,1,M
14:08:21,1938.10,1,M
14:08:21,1938.00,1,M
14:08:20,1938.10,1,M
14:08:20,1937.70,5,B
14:08:20,1937.80,1,B
14:08:20,1937.80,1,B
14:08:20,1937.90,1,B
14:08:20,1937.90,1,B
14:08:20,1937.90,1,B
14:08:20,1937.90,4,B
14:08:20,1938.00,1,B
14:08:20,1938.00,5,B
14:08:20,1938.10,1,B
14:08:20,1938.10,1,B
14:08:20,1938.20,6,B
14:08:20,1938.30,1,B
14:08:20,1938.30,1,B
14:08:19,1938.20,2,B
14:08:19,1938.30,1,B
14:08:19,1938.30,1,B
14:08:19,1938.30,1,B
14:08:19,1938.30,1,B
14:08:19,1938.30,2,B
14:08:19,1938.50,1,M
14:08:19,1938.40,1,B
14:08:18,1938.70,6,M
14:08:18,1938.70,1,M
14:08:18,1938.70,1,M
14:08:18,1938.70,1,M
14:08:18,1938.70,1,M
14:08:17,1938.80,8,M
14:08:17,1938.80,1,M
14:08:17,1938.80,1,M
14:08:17,1938.50,5,M
14:08:17,1938.30,1,B
14:08:17,1938.50,1,B
14:08:17,1938.50,1,B
14:08:17,1938.60,1,B
14:08:17,1938.80,6,B
14:08:17,1938.80,12,B
14:08:17,1939.00,6,B
14:08:17,1939.00,1,M
14:08:17,1939.00,2,M
14:08:17,1938.90,1,M
14:08:16,1939.00,1,M
14:08:16,1938.80,1,B
14:08:16,1938.90,1,B
14:08:15,1939.00,1,M
14:08:14,1938.90,1,B
14:08:14,1939.00,2,M
14:08:14,1939.20,1,M
14:08:14,1939.00,1,M
14:08:14,1939.00,1,M
14:08:14,1939.00,1,M
14:08:14,1938.90,1,B
14:08:14,1938.90,1,B
14:08:14,1938.90,2,B
14:08:13,1939.00,2,M
14:08:13,1939.00,1,M
14:08:13,1939.00,7,M
14:08:13,1939.00,1,M
14:08:13,1939.00,1,M
14:08:13,1939.00,1,M
14:08:13,1939.00,1,M
14:08:12,1939.00,1,M
14:08:12,1939.00,1,M
14:08:12,1938.90,1,B
14:08:12,1938.90,1,B
14:08:12,1939.00,2,M
14:08:12,1939.00,2,M
14:08:12,1939.00,1,M
14:08:11,1938.90,2,B
14:08:11,1939.00,1,M
14:08:11,1939.00,1,M
14:08:11,1939.00,1,M
14:08:11,1939.00,1,M
14:08:11,1939.00,4,M
14:08:11,1939.00,3,M
14:08:11,1939.00,5,M
14:08:11,1939.00,1,M
14:08:11,1938.80,1,M
14:08:11,1938.60,1,B
14:08:11,1939.00,1,M
14:08:11,1939.00,1,M
14:08:11,1939.00,2,M
14:08:11,1939.00,14,M
14:08:11,1938.80,2,M
14:08:10,1938.80,1,M
14:08:10,1938.80,2,M
14:08:10,1939.00,6,M
14:08:10,1939.00,1,M
14:08:10,1939.00,3,M
14:08:10,1938.90,1,M
14:08:10,1938.90,1,M
14:08:10,1938.90,32,M
14:08:10,1938.80,1,M
14:08:10,1938.70,5,M
14:08:10,1938.80,1,M
14:08:09,1938.60,1,B
14:08:09,1938.70,3,B
14:08:09,1938.70,2,B
14:08:08,1938.80,1,M
14:08:08,1938.70,1,M
14:08:08,1938.80,1,M
14:08:08,1938.80,1,M
14:08:08,1938.80,3,M
14:08:08,1938.80,1,M
14:08:08,1938.80,1,M
14:08:08,1938.70,2,M
14:08:08,1938.70,1,M
14:08:08,1938.60,1,M
14:08:08,1938.50,1,B
14:08:08,1938.60,1,M
14:08:07,1938.60,1,M
14:08:07,1938.50,1,B
14:08:06,1938.70,1,M
14:08:06,1938.60,1,M
14:08:06,1938.60,2,M
14:08:06,1938.40,1,B
14:08:06,1938.40,1,B
14:08:06,1938.40,1,B
14:08:06,1938.40,1,B
14:08:06,1938.40,3,B
14:08:06,1938.30,1,B
14:08:06,1938.30,3,B
14:08:06,1938.30,1,B
14:08:05,1938.90,4,M
14:08:05,1938.80,2,M
14:08:05,1938.80,1,M
14:08:05,1938.80,2,M
14:08:05,1938.80,1,M
14:08:05,1938.80,2,M
14:08:05,1938.80,2,M
14:08:05,1938.70,1,M
14:08:05,1938.70,1,M
14:08:05,1938.60,1,M
14:08:05,1938.60,1,M
14:08:05,1938.60,1,M
14:08:05,1938.60,1,M
14:08:05,1938.30,1,B
14:08:05,1938.70,3,M
14:08:04,1938.20,2,B
14:08:04,1938.20,2,B
14:08:04,1938.30,1,B
14:08:04,1938.30,1,B
14:08:04,1938.30,1,B
14:08:04,1938.30,3,B
14:08:04,1938.40,1,B
14:08:04,1938.40,1,B
14:08:04,1938.40,2,B
14:08:04,1938.40,1,B
14:08:04,1938.40,1,B
14:08:04,1938.40,1,B
14:08:04,1938.60,1,B
14:08:04,1938.70,1,B
14:08:04,1938.70,1,B
14:08:04,1938.80,7,M
14:08:04,1938.80,3,M
14:08:04,1938.80,9,M
14:08:04,1938.80,1,M
14:08:04,1938.80,1,M
14:08:04,1938.80,1,M
14:08:04,1938.80,1,M
14:08:04,1938.80,3,M
14:08:03,1938.80,1,M
14:08:03,1938.80,1,M
14:08:03,1938.70,2,B
14:08:03,1938.70,2,B
14:08:03,1938.80,1,M
14:08:03,1938.80,1,M
14:08:03,1938.80,1,M
14:08:03,1938.70,1,B
14:08:03,1938.80,1,M
14:08:03,1938.80,1,M
14:08:03,1938.80,1,M
14:08:03,1938.80,1,M
14:08:03,1938.10,1,B
14:08:03,1938.40,3,B
14:08:03,1938.90,3,M
14:08:03,1938.80,1,M
14:08:03,1938.80,1,M
14:08:03,1938.90,1,M
14:08:03,1938.90,2,M
14:08:02,1938.90,4,M
14:08:02,1938.90,1,M
14:08:02,1938.80,1,M
14:08:02,1938.70,5,M
14:08:02,1938.70,2,M
14:08:02,1938.60,1,M
14:08:02,1938.60,1,M
14:08:02,1938.50,3,M
14:08:02,1938.50,1,M
14:08:02,1938.50,4,M
14:08:02,1938.50,1,M
14:08:02,1938.50,1,M
14:08:02,1938.50,2,M
14:08:02,1938.50,5,M
14:08:02,1938.50,5,M
14:08:02,1938.40,3,M
14:08:02,1938.40,1,M
14:08:02,1938.40,1,M
14:08:02,1938.40,2,M
14:08:02,1938.40,1,M
14:08:02,1938.40,1,M
14:08:02,1938.40,1,M
14:08:02,1938.40,1,M
14:08:02,1938.30,3,M
14:08:02,1938.30,1,M
14:08:02,1938.30,1,M
14:08:02,1938.30,1,M
14:08:02,1938.20,3,M
14:08:02,1938.20,1,M
14:08:02,1938.20,1,M
14:08:02,1938.10,1,M
14:08:02,1938.00,1,M
14:08:02,1938.00,5,M
14:08:02,1938.00,1,M
14:08:02,1938.00,1,M
14:08:02,1938.00,1,M
14:08:02,1938.00,9,M
14:08:02,1938.00,1,M
14:08:02,1938.00,3,M
14:08:02,1938.00,1,M
14:08:02,1938.00,3,M
14:08:02,1938.00,1,M
14:08:02,1938.00,4,M
14:08:02,1937.90,1,M
14:08:02,1937.90,50,M
14:08:02,1937.90,3,M
14:08:02,1937.80,1,M
14:08:02,1937.80,1,M
14:08:02,1937.80,4,M
14:08:02,1937.50,6,B
14:08:02,1937.70,1,B
14:08:02,1937.70,1,B
14:08:02,1937.70,1,B
14:08:02,1937.70,1,B
14:08:02,1937.70,2,B
14:08:01,1937.70,1,B
14:08:01,1937.80,1,M
14:08:01,1937.80,1,M
14:08:01,1937.70,1,M
14:08:00,1937.70,1,M
14:08:00,1937.70,1,M
14:08:00,1937.70,2,M
14:08:00,1937.70,1,M
14:08:00,1937.70,1,M
14:07:59,1937.70,2,M
14:07:59,1937.70,2,M
14:07:59,1937.70,1,M
14:07:58,1937.70,1,M
14:07:58,1937.60,1,B
14:07:58,1937.70,7,M
14:07:57,1937.70,4,M
14:07:57,1937.70,1,M
14:07:57,1937.70,1,M
14:07:57,1937.70,1,M
14:07:57,1937.70,1,M
14:07:57,1937.70,1,M
14:07:56,1937.50,1,B
14:07:56,1937.60,1,B
14:07:55,1937.60,1,M
14:07:55,1937.70,1,M
14:07:55,1937.70,1,M
14:07:55,1937.70,1,M
14:07:55,1937.70,1,M
14:07:55,1937.60,1,M
14:07:55,1937.60,1,M
14:07:55,1937.60,1,M
14:07:55,1937.50,1,M
14:07:55,1937.50,1,M
14:07:55,1937.50,1,M
14:07:55,1937.50,1,M
14:07:55,1937.50,40,M
14:07:55,1937.50,1,M
14:07:55,1937.40,1,M
14:07:54,1937.50,5,M
14:07:54,1937.40,1,M
14:07:54,1937.40,1,M
14:07:53,1937.40,2,M
14:07:53,1937.40,1,M
14:07:53,1937.40,1,M
14:07:53,1937.40,1,M
14:07:53,1937.40,1,M
14:07:53,1937.00,1,B
14:07:53,1937.10,1,B
14:07:53,1937.10,1,B
14:07:53,1937.10,1,B
14:07:53,1937.10,1,B
14:07:52,1937.50,4,M
14:07:52,1937.50,3,M
14:07:52,1937.40,1,M
14:07:52,1937.30,1,M
14:07:52,1937.30,3,M
14:07:52,1937.30,2,M
14:07:52,1937.30,1,M
14:07:52,1937.00,6,B
14:07:51,1937.10,1,B
14:07:50,1937.10,2,B
14:07:49,1937.00,8,B
14:07:49,1937.10,1,B
14:07:48,1937.00,1,B
14:07:47,1937.00,5,B
14:07:47,1937.20,28,B
14:07:47,1937.20,5,M
14:07:47,1937.20,5,M
14:07:47,1937.10,1,M
14:07:47,1937.10,1,M
14:07:47,1937.10,1,M
14:07:46,1937.00,1,B
14:07:46,1937.00,1,B
14:07:46,1937.00,5,M
14:07:46,1937.00,2,M
14:07:46,1937.00,2,M
14:07:46,1937.00,4,M
14:07:46,1937.00,1,M
14:07:45,1937.00,1,M
14:07:45,1936.90,3,B
14:07:45,1937.00,1,M
14:07:45,1937.00,1,M
14:07:44,1936.80,1,M
14:07:43,1936.80,2,M
14:07:43,1936.70,2,B
14:07:42,1936.70,1,B
14:07:42,1936.70,1,B
14:07:42,1936.80,1,M
14:07:42,1936.80,1,M
14:07:42,1936.70,1,B
14:07:41,1936.70,1,M
14:07:41,1936.60,1,B
14:07:41,1936.60,5,B
14:07:41,1936.60,1,B
14:07:41,1936.60,1,B
14:07:40,1936.60,2,B
14:07:40,1936.60,2,B
14:07:40,1936.60,1,B
14:07:40,1936.80,1,M
14:07:40,1936.60,1,B
14:07:40,1936.60,2,B
14:07:39,1936.60,1,B
14:07:39,1936.60,1,B
14:07:39,1936.60,1,B
14:07:39,1936.60,1,B
14:07:39,1936.50,48,B
14:07:39,1936.50,2,B
14:07:39,1936.50,1,B
14:07:39,1936.50,2,B
14:07:39,1936.50,2,B
14:07:39,1936.50,1,B
14:07:39,1936.50,2,B
14:07:39,1936.60,1,B
14:07:39,1936.60,1,B
14:07:39,1936.60,4,B
14:07:38,1936.60,1,B
14:07:38,1936.60,1,B
14:07:38,1936.80,1,M
14:07:38,1936.60,1,B
14:07:38,1937.00,1,M
14:07:38,1936.80,1,M
14:07:38,1936.80,1,M
14:07:38,1936.80,1,M
14:07:38,1936.80,1,M
14:07:38,1936.80,1,M
14:07:37,1936.60,1,B
14:07:37,1936.70,7,B
14:07:37,1936.80,2,B
14:07:36,1936.80,1,B
14:07:36,1936.80,9,B
14:07:36,1936.90,1,B
14:07:35,1936.90,1,B
14:07:35,1936.90,1,B
14:07:35,1937.00,1,M
14:07:35,1937.00,1,M
14:07:35,1937.00,1,M
14:07:35,1937.00,3,M
14:07:35,1936.80,2,M
14:07:35,1936.80,1,M
14:07:34,1936.70,1,B
14:07:34,1936.70,1,B
14:07:34,1936.70,1,B
14:07:34,1936.70,1,B
14:07:34,1936.70,2,B
14:07:34,1936.70,1,B
14:07:34,1936.90,1,B
14:07:34,1937.00,1,B
14:07:33,1937.00,1,B
14:07:33,1937.00,1,B
14:07:32,1937.00,1,B
14:07:32,1937.00,2,B
14:07:32,1937.00,1,B
14:07:32,1937.00,6,B
14:07:32,1937.10,1,M
14:07:31,1937.10,1,M
14:07:31,1937.10,1,M
14:07:30,1937.00,18,B
14:07:30,1937.00,2,B
14:07:29,1937.00,1,B
14:07:29,1937.00,4,B
14:07:29,1937.00,4,B
14:07:29,1937.10,2,B
14:07:29,1937.00,1,B
14:07:29,1937.00,1,B
14:07:29,1937.00,1,B
14:07:29,1937.00,1,B
14:07:29,1937.00,1,B
14:07:29,1937.00,2,B
14:07:29,1937.00,1,B
14:07:29,1937.00,1,B
14:07:29,1937.00,1,B
14:07:29,1937.00,2,B
14:07:29,1937.00,1,B
14:07:29,1937.00,1,B
14:07:29,1937.00,5,B
14:07:29,1937.00,3,B
14:07:29,1937.00,4,B
14:07:29,1937.10,1,B
14:07:29,1937.10,1,B
14:07:29,1937.10,1,B
14:07:29,1937.10,1,B
14:07:28,1937.20,1,B
14:07:28,1937.20,2,B
14:07:28,1937.20,2,B
14:07:28,1937.20,4,B
14:07:26,1937.20,1,B
14:07:25,1937.20,2,B
14:07:25,1937.20,1,B
14:07:24,1937.20,1,B
14:07:23,1937.20,1,B
14:07:22,1937.20,1,B
14:07:22,1937.30,1,B
14:07:22,1937.30,1,B
14:07:22,1937.30,1,B
14:07:22,1937.30,1,B
14:07:21,1937.50,3,M
14:07:21,1937.30,1,B
14:07:20,1937.50,3,M
14:07:20,1937.50,1,M
14:07:20,1937.30,1,B
14:07:20,1937.30,1,B
14:07:20,1937.30,1,B
14:07:20,1937.50,13,B
14:07:20,1937.50,24,B
14:07:19,1937.70,2,M
14:07:18,1937.60,1,B
14:07:18,1937.60,1,M
14:07:17,1937.50,2,B
14:07:17,1937.50,1,B
14:07:16,1937.70,1,M
14:07:16,1937.70,1,M
14:07:15,1937.50,1,B
14:07:15,1937.60,1,B
14:07:15,1937.60,1,B
14:07:15,1937.60,2,B
14:07:13,1937.60,1,B
14:07:12,1937.70,2,M
14:07:11,1937.60,1,B
14:07:11,1937.60,1,B
14:07:10,1937.70,1,M
14:07:09,1937.60,5,B
14:07:09,1937.60,1,B
14:07:09,1937.70,1,M
14:07:08,1937.60,1,B
14:07:05,1937.70,1,M
14:07:05,1937.70,1,M
14:07:05,1937.70,1,M
14:07:04,1937.60,1,M
14:07:03,1937.20,1,B
14:07:03,1937.20,1,B
14:07:03,1937.60,1,M
14:07:03,1937.60,1,M
14:07:03,1937.60,1,M
14:07:03,1937.50,1,M
14:07:03,1937.40,1,M
14:07:03,1937.20,18,M
14:07:02,1937.20,1,B
14:07:02,1937.20,1,B
14:07:02,1937.60,1,M
14:07:02,1937.50,1,M
14:07:02,1937.10,1,B
14:07:01,1937.20,1,M
14:07:01,1937.10,1,B
14:07:01,1937.10,1,B
14:07:01,1937.10,1,B
14:07:00,1937.40,1,M
14:07:00,1937.20,1,B
14:06:59,1937.20,1,B
14:06:58,1937.20,1,B
14:06:56,1937.40,1,B
14:06:56,1937.40,1,B
14:06:55,1937.40,1,M
14:06:55,1937.20,1,B
14:06:54,1937.40,1,M
14:06:54,1937.20,1,B
14:06:52,1937.40,1,M
14:06:52,1937.40,1,M
14:06:52,1937.50,1,M
14:06:51,1937.10,1,B
14:06:51,1937.10,1,B
14:06:51,1937.10,1,B
14:06:51,1937.10,1,B
14:06:51,1937.20,13,B
14:06:51,1937.20,1,B
14:06:51,1937.20,2,B
14:06:47,1937.20,1,B
14:06:47,1937.20,3,M
14:06:47,1937.20,4,M
14:06:47,1937.00,1,B
14:06:47,1937.10,1,B
14:06:47,1937.20,1,M
14:06:46,1937.20,4,M
14:06:46,1937.20,1,M
14:06:45,1937.20,1,M
14:06:45,1937.10,1,M
14:06:45,1937.00,1,B
14:06:45,1937.00,1,B
14:06:44,1937.00,1,B
14:06:44,1937.00,1,B
14:06:44,1937.00,1,B
14:06:44,1937.00,1,B
14:06:44,1937.10,1,B
14:06:42,1937.10,1,B
14:06:41,1937.00,2,M
14:06:40,1937.00,1,B
14:06:40,1937.20,1,M
14:06:40,1937.20,1,M
14:06:40,1937.00,1,B
14:06:40,1937.00,10,B
14:06:40,1937.00,1,B
14:06:40,1937.00,1,B
14:06:40,1937.00,2,B
14:06:39,1937.00,4,B
14:06:39,1937.10,1,B
14:06:39,1937.00,1,B
14:06:39,1937.20,1,M
14:06:38,1937.00,1,B
14:06:38,1937.00,1,B
14:06:38,1937.10,1,M
14:06:37,1937.00,1,B
14:06:37,1937.00,2,B
14:06:37,1937.00,1,B
14:06:36,1937.10,1,M
14:06:36,1937.10,1,M
14:06:36,1937.00,1,B
14:06:36,1937.10,2,M
14:06:35,1937.00,1,B
14:06:35,1937.00,1,B
14:06:35,1937.00,3,M
14:06:35,1937.00,1,M
14:06:35,1937.00,2,M
14:06:35,1936.90,1,B
14:06:34,1937.00,3,M
14:06:34,1937.00,1,M
14:06:33,1936.90,2,B
14:06:33,1937.00,10,M
14:06:33,1937.00,10,M
14:06:33,1937.00,1,M
14:06:33,1936.90,1,B
14:06:33,1937.00,2,M
14:06:32,1936.90,2,M
14:06:32,1936.80,1,M
14:06:32,1936.80,1,M
14:06:32,1936.70,2,B
14:06:32,1936.80,2,B
14:06:32,1936.80,1,B
14:06:32,1937.00,1,M
14:06:32,1937.00,1,B
14:06:32,1937.00,1,B
14:06:32,1937.00,2,B
14:06:32,1937.00,2,B
14:06:32,1937.00,1,B
14:06:31,1937.00,3,B
14:06:31,1937.00,1,B
14:06:31,1937.00,1,B
14:06:31,1937.00,1,B
14:06:31,1937.00,1,B
14:06:31,1937.00,3,B
14:06:31,1937.00,3,B
14:06:31,1937.00,1,B
14:06:31,1937.00,1,B
14:06:31,1937.00,5,B
14:06:31,1937.00,2,B
14:06:31,1937.00,8,B
14:06:31,1937.00,5,B
14:06:31,1937.00,2,B
14:06:31,1937.00,1,B
14:06:31,1937.00,23,B
14:06:31,1937.10,2,M
14:06:30,1937.10,1,B
14:06:30,1937.10,1,B
14:06:30,1937.10,1,B
14:06:30,1937.10,2,B
14:06:30,1937.10,1,B
14:06:30,1937.10,1,B
14:06:30,1937.10,1,B
14:06:30,1937.10,1,B
14:06:30,1937.10,1,B
14:06:30,1937.20,1,B
14:06:30,1937.20,1,B
14:06:30,1937.20,1,B
14:06:28,1937.20,1,B
14:06:28,1937.20,1,B
14:06:28,1937.20,1,B
14:06:28,1937.20,1,B
14:06:27,1937.30,2,B
14:06:27,1937.30,1,B
14:06:27,1937.30,1,B
14:06:27,1937.40,1,B
14:06:27,1937.50,1,M
14:06:27,1937.50,5,B
14:06:27,1937.50,1,B
14:06:27,1937.50,1,B
14:06:27,1937.50,1,B
14:06:27,1937.50,2,B
14:06:27,1937.60,1,B
14:06:27,1937.60,4,B
14:06:27,1937.60,1,B
14:06:27,1937.60,1,B
14:06:24,1937.80,1,B
14:06:23,1937.80,1,B
14:06:22,1937.90,1,M
14:06:22,1937.90,1,M
14:06:19,1937.90,1,M
14:06:19,1937.90,1,M
14:06:18,1937.90,1,M
14:06:17,1937.90,1,M
14:06:17,1937.90,1,M
14:06:16,1937.90,1,M
14:06:16,1938.00,40,M
14:06:15,1938.00,7,M
14:06:14,1938.00,10,M
14:06:13,1938.00,20,M
14:06:12,1938.00,5,M
14:06:12,1937.90,1,M
14:06:11,1937.90,3,M
14:06:11,1937.90,1,M
14:06:11,1937.80,2,M
14:06:11,1937.60,1,B
14:06:10,1937.70,1,M
14:06:10,1937.70,2,M
14:06:09,1938.00,10,M
14:06:09,1937.90,1,M
14:06:09,1937.90,4,M
14:06:09,1937.90,5,M
14:06:09,1937.60,1,B
14:06:09,1937.60,1,B
14:06:09,1937.60,1,B
14:06:09,1937.70,1,B
14:06:07,1937.70,1,B
14:06:07,1937.90,5,M
14:06:06,1937.70,1,B
14:06:04,1937.70,1,M
14:06:04,1937.70,7,M
14:06:03,1937.70,1,M
14:06:02,1937.70,1,M
14:06:02,1937.70,1,M
14:06:02,1937.70,1,M
14:06:00,1938.00,1,M
14:05:59,1938.00,1,M
14:05:59,1938.00,1,M
14:05:59,1937.90,1,B
14:05:58,1938.30,3,M
14:05:58,1938.30,1,M
14:05:58,1938.20,1,M
14:05:58,1938.00,1,M
14:05:58,1937.90,12,B
14:05:58,1938.00,3,M
14:05:58,1938.00,1,B
14:05:55,1938.00,4,B
14:05:55,1938.10,1,B
14:05:55,1938.20,1,M
14:05:55,1938.00,5,B
14:05:55,1938.10,1,M
14:05:55,1938.00,3,M
14:05:55,1938.00,2,M
14:05:55,1938.00,1,M
14:05:55,1938.00,5,M
14:05:55,1938.00,1,M
14:05:55,1938.00,1,M
14:05:55,1937.90,1,M
14:05:54,1937.90,2,M
14:05:54,1937.90,1,M
14:05:54,1937.90,1,M
14:05:54,1937.90,1,M
14:05:54,1937.90,1,M
14:05:54,1937.90,1,M
14:05:54,1937.90,2,M
14:05:54,1937.90,1,M
14:05:54,1937.90,4,M
14:05:54,1937.80,1,M
14:05:54,1937.80,1,M
14:05:54,1937.80,1,M
14:05:54,1937.70,13,M
14:05:53,1937.40,1,B
14:05:53,1937.40,1,B
14:05:53,1937.40,1,B
14:05:53,1937.70,1,M
14:05:52,1937.70,1,M
14:05:52,1937.70,1,M
14:05:51,1937.70,1,M
14:05:49,1937.70,1,M
14:05:49,1937.20,1,B
14:05:49,1937.30,1,B
14:05:48,1937.70,1,M
14:05:48,1937.60,1,M
14:05:48,1937.50,1,M
14:05:48,1937.50,1,M
14:05:46,1937.50,1,M
14:05:46,1937.10,1,B
14:05:46,1937.10,1,B
14:05:46,1937.10,1,B
14:05:46,1937.10,1,B
14:05:46,1937.20,1,B
14:05:46,1937.60,1,B
14:05:46,1937.20,5,B
14:05:45,1937.20,1,B
14:05:45,1937.30,1,B
14:05:45,1937.20,1,B
14:05:45,1937.30,1,B
14:05:44,1937.40,1,B
14:05:44,1937.40,1,B
14:05:44,1937.50,1,B
14:05:44,1937.60,1,B
14:05:44,1937.60,22,B
14:05:44,1937.60,1,B
14:05:44,1937.90,4,M
14:05:43,1937.90,2,M
14:05:43,1937.80,2,M
14:05:42,1937.60,1,B
14:05:42,1937.80,1,B
14:05:42,1937.80,1,B
14:05:42,1937.90,2,M
14:05:42,1937.90,1,M
14:05:41,1937.90,1,B
14:05:41,1937.90,1,B
14:05:41,1937.90,1,B
14:05:41,1937.90,1,B
14:05:41,1937.90,1,B
14:05:41,1937.90,1,B
14:05:41,1937.90,1,B
14:05:41,1938.00,1,M
14:05:41,1938.00,1,M
14:05:41,1938.30,1,M
14:05:41,1938.30,1,M
14:05:41,1938.30,1,M
14:05:41,1938.20,1,M
14:05:41,1938.20,1,M
14:05:41,1938.00,1,M
14:05:40,1938.00,1,B
14:05:39,1938.00,1,M
14:05:39,1938.00,1,M
14:05:39,1938.00,2,M
14:05:39,1938.00,1,M
14:05:39,1938.00,1,M
14:05:39,1938.00,1,M
14:05:39,1938.00,5,M
14:05:39,1938.00,11,M
14:05:39,1937.80,1,B
14:05:38,1938.00,2,M
14:05:38,1937.90,1,M
14:05:37,1938.00,1,M
14:05:36,1938.00,6,M
14:05:36,1938.00,13,M
14:05:36,1937.90,1,M
14:05:36,1937.80,1,M
14:05:36,1937.80,2,M
14:05:36,1937.70,4,M
14:05:36,1937.60,3,M
14:05:36,1937.50,2,B
14:05:36,1937.60,1,M
14:05:36,1937.60,1,M
14:05:35,1937.60,20,M
14:05:35,1937.60,5,M
14:05:35,1937.50,5,B
14:05:34,1937.50,1,B
14:05:34,1937.50,2,B
14:05:34,1937.50,1,M
14:05:33,1937.40,3,B
14:05:33,1937.40,1,B
14:05:33,1937.40,1,M
14:05:33,1937.40,2,M
14:05:33,1937.40,5,M
14:05:33,1937.40,5,M
14:05:33,1937.20,1,B
14:05:33,1937.20,2,B
14:05:33,1937.30,3,B
14:05:33,1937.30,1,B
14:05:33,1937.30,2,B
14:05:32,1937.40,20,M
14:05:32,1937.20,1,B
14:05:32,1937.00,5,B
14:05:32,1937.00,1,B
14:05:31,1937.00,7,B
14:05:31,1937.10,1,B
14:05:31,1937.10,2,B
14:05:31,1937.00,10,B
14:05:31,1937.40,2,M
14:05:31,1937.20,1,M
14:05:31,1937.00,1,B
14:05:31,1937.00,10,B
14:05:31,1937.00,1,B
14:05:31,1937.00,1,B
14:05:31,1937.00,1,B
14:05:31,1937.00,1,B
14:05:30,1937.10,1,B
14:05:30,1937.00,4,B
14:05:30,1937.10,3,B
14:05:30,1937.10,1,B
14:05:30,1937.00,3,B
14:05:29,1937.00,15,B
14:05:29,1937.10,3,B
14:05:29,1937.10,1,B
14:05:29,1937.10,1,B
14:05:29,1937.10,1,M
14:05:29,1937.10,2,M
14:05:29,1937.00,1,B
14:05:29,1937.10,2,M
14:05:29,1937.00,1,M
14:05:29,1937.00,4,M
14:05:29,1937.00,2,M
14:05:29,1937.00,2,M
14:05:29,1937.00,2,M
14:05:29,1937.00,5,M
14:05:29,1937.00,13,M
14:05:29,1936.90,23,M
14:05:29,1936.90,3,M
14:05:29,1936.90,1,M
14:05:29,1936.80,1,M
14:05:29,1936.80,3,M
14:05:29,1936.80,12,M
14:05:29,1936.80,1,M
14:05:29,1936.80,1,M
14:05:29,1936.70,3,M
14:05:29,1936.70,1,M
14:05:29,1936.60,1,M
14:05:29,1936.60,1,M
14:05:29,1936.60,1,M
14:05:29,1936.50,1,M
14:05:29,1936.50,1,M
14:05:29,1936.50,1,M
14:05:29,1936.50,13,M
14:05:29,1936.50,3,M
14:05:29,1936.10,2,B
14:05:29,1936.10,2,B
14:05:29,1936.10,1,B
14:05:29,1936.10,1,B
14:05:29,1936.10,1,B
14:05:29,1936.10,1,B
14:05:29,1936.10,1,B
14:05:29,1936.10,1,B
14:05:29,1936.40,1,M
14:05:29,1936.40,1,M
14:05:29,1936.10,1,B
14:05:29,1936.40,1,M
14:05:29,1936.10,1,B
14:05:29,1936.10,1,B
14:05:29,1936.20,1,B
14:05:29,1936.20,1,B
14:05:29,1936.20,1,B
14:05:29,1936.20,2,B
14:05:29,1936.30,1,M
14:05:29,1936.30,1,M
14:05:28,1936.40,1,B
14:05:28,1936.40,6,B
14:05:28,1936.40,1,B
14:05:28,1936.40,2,B
14:05:27,1936.40,3,B
14:05:27,1936.40,1,B
14:05:27,1936.40,3,B
14:05:27,1936.50,11,B
14:05:27,1936.50,1,B
14:05:27,1936.50,5,B
14:05:27,1936.80,1,M
14:05:27,1936.60,1,M
14:05:27,1936.60,1,B
14:05:27,1936.50,1,B
14:05:27,1936.50,1,B
14:05:27,1936.60,1,B
14:05:27,1936.50,10,B
14:05:27,1936.50,2,B
14:05:27,1936.50,10,B
14:05:27,1936.50,1,B
14:05:27,1936.50,1,B
14:05:27,1936.50,1,B
14:05:27,1936.50,1,B
14:05:27,1936.50,1,B
14:05:26,1936.50,1,B
14:05:26,1936.50,1,B
14:05:26,1936.50,1,B
14:05:26,1936.60,1,B
14:05:26,1936.60,1,B
14:05:26,1936.60,1,B
14:05:26,1936.60,1,B
14:05:26,1936.60,1,B
14:05:26,1936.60,1,B
14:05:26,1936.60,1,B
14:05:26,1936.60,1,B
14:05:26,1936.60,3,B
14:05:26,1936.60,1,B
14:05:26,1936.60,1,B
14:05:26,1936.70,3,B
14:05:26,1936.90,2,B
14:05:26,1936.90,1,B
14:05:26,1936.90,1,B
14:05:26,1936.90,1,M
14:05:26,1936.90,1,M
14:05:26,1936.90,3,M
14:05:26,1936.90,1,M
14:05:26,1936.90,1,M
14:05:26,1936.90,1,M
14:05:26,1936.90,1,M
14:05:26,1936.90,1,M
14:05:26,1936.90,1,M
14:05:26,1936.90,1,M
14:05:26,1936.80,3,M
14:05:26,1936.80,1,M
14:05:26,1936.80,1,M
14:05:26,1936.70,1,M
14:05:26,1936.50,8,M
14:05:26,1936.20,2,B
14:05:26,1936.20,1,B
14:05:26,1936.20,2,B
14:05:26,1936.20,1,B
14:05:26,1936.30,1,B
14:05:26,1936.30,1,B
14:05:26,1936.30,2,B
14:05:26,1936.30,1,B
14:05:26,1936.30,1,B
14:05:26,1936.30,8,B
14:05:26,1936.30,1,B
14:05:26,1936.30,16,B
14:05:26,1936.30,1,B
14:05:26,1936.30,1,B
14:05:26,1936.30,2,B
14:05:26,1936.30,1,B
14:05:26,1936.30,1,B
14:05:26,1936.30,1,B
14:05:26,1936.30,5,B
14:05:26,1936.30,1,B
14:05:26,1936.40,1,B
14:05:26,1936.40,1,B
14:05:26,1936.40,1,B
14:05:26,1936.40,1,B
14:05:26,1936.40,1,B
14:05:26,1936.40,1,B
14:05:26,1936.50,1,M
14:05:26,1936.50,1,B
14:05:25,1936.50,1,B
14:05:25,1936.90,1,M
14:05:25,1936.50,1,B
14:05:25,1936.50,1,B
14:05:25,1936.50,2,B
14:05:25,1936.50,2,B
14:05:25,1936.50,5,B
14:05:25,1936.50,1,B
14:05:25,1936.70,1,B
14:05:25,1936.50,2,B
14:05:25,1937.00,1,M
14:05:25,1937.00,1,M
14:05:24,1936.50,3,B
14:05:24,1936.50,1,B
14:05:24,1936.50,1,B
14:05:24,1936.50,2,B
14:05:24,1936.60,1,B
14:05:24,1936.60,1,B
14:05:24,1936.60,1,B
14:05:24,1936.60,1,B
14:05:24,1936.60,1,B
14:05:24,1936.60,1,B
14:05:24,1936.60,28,B
14:05:24,1936.60,2,B
14:05:24,1936.60,5,B
14:05:24,1936.70,1,B
14:05:24,1936.70,1,B
14:05:24,1936.70,1,B
14:05:24,1936.70,1,B
14:05:24,1936.70,2,B
14:05:24,1936.80,1,B
14:05:24,1936.90,1,B
14:05:24,1936.90,1,B
14:05:24,1936.90,1,B
14:05:24,1936.90,1,B
14:05:24,1937.00,1,B
14:05:24,1937.00,1,B
14:05:24,1937.00,10,B
14:05:24,1937.00,5,B
14:05:24,1937.00,2,B
14:05:24,1937.00,3,B
14:05:24,1937.00,6,B
14:05:24,1937.00,1,B
14:05:24,1937.00,6,B
14:05:24,1937.00,2,B
14:05:24,1937.00,1,B
14:05:24,1937.00,1,B
14:05:24,1937.00,1,B
14:05:24,1937.00,1,B
14:05:24,1937.00,1,B
14:05:24,1937.00,20,B
14:05:23,1937.00,10,B
14:05:23,1937.00,5,B
14:05:23,1937.00,1,B
14:05:23,1937.00,1,B
14:05:23,1937.00,1,B
14:05:23,1937.10,1,B
14:05:23,1937.10,1,B
14:05:23,1937.10,16,B
14:05:23,1937.10,1,B
14:05:23,1937.20,2,M
14:05:23,1937.10,3,B
14:05:22,1937.10,10,B
14:05:22,1937.10,1,B
14:05:22,1937.10,1,B
14:05:22,1937.10,1,B
14:05:22,1937.10,2,B
14:05:22,1937.30,2,M
14:05:22,1937.10,1,B
14:05:22,1937.10,1,B
14:05:22,1937.10,1,B
14:05:22,1937.20,3,B
14:05:22,1937.20,5,B
14:05:22,1937.20,3,B
14:05:22,1937.20,1,B
14:05:22,1937.20,1,B
14:05:21,1937.20,2,B
14:05:21,1937.20,1,B
14:05:21,1937.20,1,B
14:05:20,1937.20,2,B
14:05:20,1937.20,2,B
14:05:20,1937.20,3,B
14:05:20,1937.20,1,B
14:05:20,1937.40,2,M
14:05:20,1937.20,1,B
14:05:20,1937.20,1,B
14:05:20,1937.40,1,M
14:05:19,1937.30,1,B
14:05:19,1937.30,1,B
14:05:19,1937.40,2,M
14:05:19,1937.70,1,M
14:05:19,1937.40,1,B
14:05:19,1937.40,1,B
14:05:19,1937.50,1,B
14:05:19,1937.50,3,B
14:05:19,1937.50,1,B
14:05:19,1937.50,1,B
14:05:19,1937.50,10,B
14:05:19,1937.50,1,B
14:05:19,1937.60,5,B
14:05:19,1937.60,5,B
14:05:19,1937.60,1,B
14:05:19,1937.60,1,B
14:05:18,1937.60,10,B
14:05:18,1937.60,1,B
14:05:18,1937.60,11,B
14:05:18,1937.60,10,B
14:05:18,1937.60,2,B
14:05:18,1937.60,1,B
14:05:18,1937.60,11,B
14:05:18,1937.60,1,B
14:05:17,1937.60,2,B
14:05:17,1937.60,1,B
14:05:17,1937.60,6,B
14:05:17,1937.70,1,M
14:05:17,1937.60,2,B
14:05:17,1937.60,30,B
14:05:17,1937.70,1,M
14:05:16,1937.60,30,B
14:05:16,1937.70,1,M
14:05:16,1937.70,4,M
14:05:16,1937.70,1,M
14:05:16,1937.60,40,B
14:05:16,1937.60,30,B
14:05:16,1937.60,10,B
14:05:16,1937.60,1,B
14:05:15,1937.70,1,M
14:05:15,1937.60,1,B
14:05:15,1937.60,5,B
14:05:15,1937.60,30,B
14:05:15,1937.70,1,M
14:05:15,1937.60,125,B
14:05:15,1937.70,1,M
14:05:15,1937.60,4,B
14:05:15,1937.70,1,M
14:05:15,1937.60,5,B
14:05:14,1937.70,1,M
14:05:14,1937.60,2,B
14:05:14,1937.60,1,B
14:05:14,1937.60,2,B
14:05:14,1937.70,11,M
14:05:14,1937.60,2,B
14:05:13,1937.70,5,M
14:05:13,1937.70,12,M
14:05:13,1937.70,20,B
14:05:13,1937.70,1,B
14:05:13,1937.70,8,B
14:05:13,1937.70,1,B
14:05:13,1938.00,1,M
14:05:13,1937.70,1,B
14:05:12,1937.60,8,B
14:05:12,1937.60,1,B
14:05:12,1937.60,2,B
14:05:12,1937.60,1,B
14:05:12,1937.60,1,B
14:05:12,1937.70,1,B
14:05:11,1937.70,3,B
14:05:11,1937.70,8,B
14:05:11,1937.70,1,B
14:05:11,1937.70,1,B
14:05:11,1937.70,1,B
14:05:10,1937.90,1,B
14:05:10,1938.00,1,B
14:05:10,1938.00,1,B
14:05:10,1938.00,1,B
14:05:10,1938.00,1,B
14:05:10,1938.00,2,B
14:05:10,1938.00,1,B
14:05:10,1938.10,1,B
14:05:10,1938.10,6,B
14:05:09,1938.10,2,B
14:05:08,1938.10,2,B
14:05:08,1938.10,2,B
14:05:08,1938.10,1,B
14:05:08,1938.40,1,M
14:05:08,1938.10,3,B
14:05:08,1938.40,1,M
14:05:08,1938.40,1,M
14:05:07,1938.40,2,M
14:05:07,1938.10,3,B
14:05:07,1938.10,3,B
14:05:07,1938.10,4,B
14:05:07,1938.30,1,B
14:05:06,1938.40,8,M
14:05:06,1938.40,1,M
14:05:06,1938.40,1,M
14:05:06,1938.40,1,M
14:05:06,1938.10,1,B
14:05:06,1938.10,1,B
14:05:05,1938.10,4,B
14:05:05,1938.10,1,B
14:05:04,1938.10,4,B
14:05:04,1938.20,9,B
14:05:04,1938.30,12,B
14:05:04,1938.50,2,M
14:05:04,1938.20,1,B
14:05:04,1938.30,1,B
14:05:04,1938.40,1,B
14:05:03,1938.50,1,M
14:05:03,1938.40,1,B
14:05:03,1938.40,2,M
14:05:03,1938.40,2,M
14:05:03,1938.30,1,B
14:05:02,1938.30,1,B
14:05:02,1938.30,3,B
14:05:01,1938.30,1,B
14:05:00,1938.30,1,B
14:05:00,1938.30,20,B
14:05:00,1938.50,1,M
14:04:59,1938.50,1,M
14:04:59,1938.40,1,M
14:04:59,1938.30,1,B
14:04:59,1938.30,5,B
14:04:59,1938.40,1,B
14:04:58,1938.50,1,M
14:04:58,1938.50,2,M
14:04:58,1938.40,2,M
14:04:58,1938.30,1,B
14:04:58,1938.30,1,B
14:04:57,1938.30,1,B
14:04:57,1938.40,1,B
14:04:57,1938.40,1,B
14:04:57,1938.30,1,B
14:04:57,1938.50,2,M
14:04:57,1938.50,1,M
14:04:57,1938.40,1,M
14:04:57,1938.40,1,M
14:04:57,1938.30,1,B
14:04:57,1938.10,1,B
14:04:56,1938.50,3,M
14:04:56,1938.40,2,M
14:04:56,1938.40,1,M
14:04:56,1938.40,2,M
14:04:56,1938.40,3,M
14:04:56,1938.30,1,M
14:04:56,1938.30,1,M
14:04:56,1938.10,12,M
14:04:56,1937.90,1,B
14:04:56,1937.90,1,B
14:04:55,1938.20,1,M
14:04:55,1938.00,1,B
14:04:55,1938.00,1,M
14:04:55,1938.00,1,M
14:04:55,1938.00,2,M
14:04:55,1937.90,1,M
14:04:55,1937.90,1,M
14:04:55,1937.90,1,M
14:04:55,1937.90,2,M
14:04:55,1937.90,1,M
14:04:55,1937.90,2,M
14:04:55,1937.90,2,M
14:04:55,1937.80,1,M
14:04:55,1937.80,1,M
14:04:55,1937.80,1,M
14:04:55,1937.70,1,M
14:04:54,1937.40,1,M
14:04:54,1937.40,1,B
14:04:54,1937.40,1,B
14:04:54,1937.40,1,B
14:04:54,1937.40,1,B
14:04:54,1937.70,1,M
14:04:54,1937.30,1,B
14:04:54,1937.30,1,B
14:04:54,1937.30,1,B
14:04:54,1937.40,1,B
14:04:54,1937.40,1,B
14:04:54,1937.40,1,B
14:04:54,1937.50,1,M
14:04:54,1937.40,3,M
14:04:54,1937.40,3,M
14:04:54,1937.40,2,M
14:04:54,1937.40,1,M
14:04:53,1937.40,1,M
14:04:53,1937.50,1,M
14:04:53,1937.20,1,B
14:04:53,1938.00,1,M
14:04:53,1937.10,1,B
14:04:53,1937.10,27,B
14:04:53,1937.30,2,B
14:04:53,1937.30,1,B
14:04:53,1937.30,1,B
14:04:53,1937.30,1,B
14:04:53,1937.50,3,B
14:04:53,1937.50,1,B
14:04:53,1937.50,6,B
14:04:53,1937.50,4,B
14:04:53,1937.50,1,B
14:04:53,1937.80,3,B
14:04:53,1937.80,1,B
14:04:53,1937.90,3,B
14:04:53,1938.00,3,B
14:04:53,1938.00,2,B
14:04:53,1938.00,1,B
14:04:53,1938.10,1,B
14:04:53,1938.10,1,B
14:04:53,1938.10,1,B
14:04:53,1938.10,1,B
14:04:53,1938.10,3,B
14:04:53,1938.10,1,B
14:04:53,1938.10,1,B
14:04:53,1938.20,1,B
14:04:53,1938.20,2,B
14:04:53,1938.20,1,B
14:04:53,1938.20,10,B
14:04:53,1938.20,1,B
14:04:53,1938.30,11,B
14:04:53,1938.30,3,B
14:04:53,1938.30,1,B
14:04:53,1938.40,1,B
14:04:52,1938.50,3,B
14:04:52,1938.60,3,B
14:04:52,1938.90,1,M
14:04:52,1938.80,1,M
14:04:52,1938.80,1,M
14:04:52,1938.80,1,B
14:04:51,1938.80,1,B
14:04:51,1938.80,1,B
14:04:51,1938.90,1,B
14:04:51,1939.10,1,B
14:04:51,1939.10,1,B
14:04:51,1939.10,3,B
14:04:51,1939.20,1,B
14:04:51,1939.20,1,B
14:04:50,1939.20,1,B
14:04:50,1939.20,2,B
14:04:50,1939.40,1,M
14:04:50,1939.20,1,B
14:04:50,1939.20,1,B
14:04:49,1939.30,1,M
14:04:49,1939.20,1,B
14:04:49,1939.30,3,B
14:04:49,1939.30,2,B
14:04:49,1939.30,1,B
14:04:49,1939.40,1,B
14:04:49,1939.40,4,B
14:04:48,1939.40,1,B
14:04:48,1939.40,2,B
14:04:47,1939.30,2,B
14:04:47,1939.40,2,M
14:04:47,1939.40,2,M
14:04:47,1939.40,6,M
14:04:47,1939.30,1,B
14:04:46,1939.30,2,B
14:04:46,1939.40,4,M
14:04:46,1939.40,1,M
14:04:46,1939.40,1,M
14:04:46,1939.40,1,B
14:04:45,1939.40,1,B
14:04:45,1939.50,3,B
14:04:45,1939.70,2,M
14:04:44,1939.50,1,B
14:04:44,1939.50,5,B
14:04:44,1939.80,1,M
14:04:44,1939.70,1,M
14:04:43,1939.50,1,B
14:04:43,1939.70,1,M
14:04:43,1939.60,2,M
14:04:43,1939.50,1,B
14:04:43,1939.40,1,B
14:04:43,1939.50,1,B
14:04:43,1939.70,1,B
14:04:42,1939.80,1,M
14:04:42,1939.70,1,B
14:04:42,1939.70,1,B
14:04:42,1939.40,5,B
14:04:42,1939.40,3,B
14:04:42,1939.50,1,B
14:04:42,1939.50,1,B
14:04:42,1939.50,1,B
14:04:42,1939.60,1,B
14:04:42,1939.60,1,B
14:04:42,1939.60,2,B
14:04:42,1939.70,2,B
14:04:42,1939.70,4,B
14:04:42,1939.70,1,B
14:04:42,1939.70,1,B
14:04:42,1939.70,1,B
14:04:42,1939.80,1,B
14:04:42,1939.80,3,B
14:04:42,1939.80,1,B
14:04:42,1939.80,17,B
14:04:42,1939.80,3,B
14:04:42,1939.80,3,B
14:04:42,1939.90,1,B
14:04:42,1939.90,1,B
14:04:42,1939.90,1,B
14:04:42,1940.00,4,B
14:04:42,1940.00,1,B
14:04:42,1940.00,1,B
14:04:42,1940.20,1,M
14:04:42,1940.10,1,M
14:04:42,1940.00,2,B
14:04:42,1940.00,3,B
14:04:42,1940.00,1,B
14:04:42,1940.00,1,B
14:04:42,1940.00,1,B
14:04:41,1940.20,1,M
14:04:41,1940.10,1,B
14:04:41,1940.10,1,B
14:04:41,1940.10,1,B
14:04:41,1940.10,2,B
14:04:41,1940.20,1,M
14:04:41,1940.10,2,B
14:04:40,1940.10,1,B
14:04:40,1940.00,2,B
14:04:40,1940.10,1,B
14:04:40,1940.10,1,B
14:04:40,1940.20,1,B
14:04:40,1940.30,1,M
14:04:39,1940.50,1,M
14:04:39,1940.40,1,M
14:04:39,1940.40,1,M
14:04:39,1940.40,1,M
14:04:39,1940.40,1,M
14:04:39,1940.40,1,M
14:04:39,1940.40,1,M
14:04:39,1940.30,3,M
14:04:39,1940.30,1,M
14:04:39,1940.30,1,M
14:04:39,1940.30,3,M
14:04:39,1940.20,3,M
14:04:39,1940.20,1,M
14:04:39,1940.20,1,M
14:04:39,1940.20,1,M
14:04:39,1940.20,1,M
14:04:39,1940.10,1,M
14:04:39,1940.10,1,M
14:04:39,1940.00,5,M
14:04:39,1940.00,5,M
14:04:39,1940.00,1,M
14:04:39,1939.70,1,B
14:04:39,1940.00,1,M
14:04:39,1939.70,1,B
14:04:39,1939.80,1,B
14:04:39,1939.80,1,B
14:04:39,1939.90,1,B
14:04:38,1940.20,1,M
14:04:38,1940.00,1,M
14:04:38,1940.00,6,M
14:04:38,1940.00,1,M
14:04:38,1939.90,2,M
14:04:38,1940.00,1,B
14:04:38,1940.00,1,B
14:04:38,1940.00,1,B
14:04:38,1940.10,1,B
14:04:38,1940.10,1,B
14:04:38,1940.10,1,B
14:04:37,1940.10,10,B
14:04:37,1940.50,1,M
14:04:37,1940.40,1,M
14:04:37,1940.40,1,M
14:04:37,1940.40,1,M
14:04:37,1940.40,1,M
14:04:37,1940.40,1,M
14:04:37,1940.40,1,M
14:04:37,1940.00,1,B
14:04:37,1940.00,1,B
14:04:36,1940.50,1,M
14:04:36,1940.00,2,B
14:04:36,1940.50,2,M
14:04:36,1940.30,1,M
14:04:36,1940.30,1,M
14:04:36,1940.10,1,B
14:04:36,1940.30,3,B
14:04:36,1940.40,2,B
14:04:36,1940.40,1,B
14:04:36,1940.50,1,M
14:04:36,1940.40,1,B
14:04:36,1940.40,2,B
14:04:36,1940.40,1,B
14:04:36,1940.40,1,B
14:04:35,1940.50,1,M
14:04:35,1940.50,2,B
14:04:35,1940.50,1,B
14:04:35,1940.50,1,B
14:04:35,1940.50,3,B
14:04:35,1940.60,1,B
14:04:35,1940.60,1,B
14:04:35,1940.90,1,M
14:04:35,1940.60,4,B
14:04:35,1940.80,4,B
14:04:35,1940.90,2,M
14:04:35,1940.90,1,M
14:04:35,1940.80,30,B
14:04:35,1940.90,2,M
14:04:35,1940.80,1,B
14:04:35,1940.80,1,M
14:04:35,1940.80,8,M
14:04:35,1940.80,1,M
14:04:35,1940.80,1,M
14:04:35,1940.70,12,M
14:04:35,1940.70,21,M
14:04:35,1940.60,1,M
14:04:34,1940.70,3,M
14:04:34,1940.60,1,M
14:04:34,1940.60,2,M
14:04:34,1940.50,2,B
14:04:34,1940.60,1,M
14:04:34,1940.50,1,B
14:04:34,1940.50,9,B
14:04:34,1940.50,1,B
14:04:34,1940.60,1,M
14:04:34,1940.60,1,M
14:04:34,1940.60,1,M
14:04:34,1940.60,1,M
14:04:34,1940.60,1,M
14:04:34,1940.60,1,M
14:04:34,1940.60,1,M
14:04:34,1940.60,1,M
14:04:34,1940.60,2,M
14:04:34,1940.60,1,M
14:04:34,1940.60,1,M
14:04:34,1940.60,1,B
14:04:34,1940.60,1,B
14:04:34,1940.60,1,B
14:04:34,1940.60,1,B
14:04:34,1940.70,2,B
14:04:34,1940.80,1,M
14:04:34,1940.80,10,M
14:04:34,1940.80,1,M
14:04:34,1940.80,5,M
14:04:34,1940.80,1,M
14:04:34,1940.80,8,M
14:04:33,1940.80,1,M
14:04:33,1940.80,1,M
14:04:33,1940.80,1,M
14:04:33,1940.80,1,M
14:04:33,1940.90,1,M
14:04:33,1940.60,3,B
14:04:33,1940.90,1,M
14:04:33,1940.60,1,B
14:04:33,1941.00,4,M
14:04:33,1941.00,3,M
14:04:33,1940.90,1,M
14:04:33,1940.80,1,M
14:04:33,1941.00,24,M
14:04:33,1940.90,1,M
14:04:33,1941.00,4,M
14:04:33,1940.60,1,M
14:04:32,1941.00,4,M
14:04:32,1940.90,1,M
14:04:32,1940.90,1,M
14:04:32,1940.80,1,M
14:04:32,1941.00,4,M
14:04:32,1940.40,1,B
14:04:32,1941.00,2,M
14:04:32,1941.00,6,M
14:04:32,1940.90,2,M
14:04:32,1940.90,1,M
14:04:32,1940.90,1,M
14:04:32,1940.90,2,M
14:04:32,1940.90,1,M
14:04:32,1940.90,1,M
14:04:32,1941.00,3,M
14:04:32,1941.00,5,M
14:04:32,1941.00,1,M
14:04:32,1941.00,12,M
14:04:32,1941.00,1,M
14:04:32,1941.00,2,M
14:04:32,1941.00,2,M
14:04:32,1941.00,1,M
14:04:32,1941.00,1,M
14:04:32,1941.00,1,M
14:04:32,1941.00,2,M
14:04:32,1941.00,36,M
14:04:32,1941.00,1,M
14:04:32,1941.00,1,M
14:04:32,1940.30,1,B
14:04:32,1941.00,6,M
14:04:32,1941.00,24,M
14:04:32,1941.00,1,M
14:04:32,1940.80,1,M
14:04:32,1941.00,2,M
14:04:32,1941.00,1,M
14:04:32,1941.00,3,M
14:04:32,1940.80,1,M
14:04:32,1940.80,1,M
14:04:32,1940.60,10,M
14:04:32,1940.60,1,M
14:04:32,1940.60,1,M
14:04:32,1940.60,1,M
14:04:32,1940.60,3,M
14:04:32,1940.60,1,M
14:04:32,1940.60,2,M
14:04:32,1940.40,1,B
14:04:32,1940.40,1,B
14:04:32,1940.40,1,B
14:04:32,1940.50,3,B
14:04:32,1940.50,1,B
14:04:32,1940.50,1,B
14:04:32,1940.60,1,M
14:04:32,1940.60,12,M
14:04:32,1940.50,1,B
14:04:32,1940.60,8,M
14:04:32,1940.80,1,M
14:04:32,1941.00,1,M
14:04:32,1941.00,1,M
14:04:32,1940.60,4,B
14:04:32,1940.90,1,B
14:04:32,1941.00,2,M
14:04:32,1941.00,1,M
14:04:32,1941.00,4,M
14:04:32,1940.90,1,M
14:04:32,1940.60,1,B
14:04:32,1940.90,1,M
14:04:32,1940.90,1,M
14:04:32,1940.50,1,M
14:04:32,1940.30,1,B
14:04:32,1940.50,1,M
14:04:32,1940.50,1,B
14:04:32,1940.50,1,B
14:04:32,1940.60,1,B
14:04:32,1940.90,1,B
14:04:32,1941.00,1,M
14:04:32,1941.00,1,M
14:04:32,1941.00,1,M
14:04:32,1941.00,1,M
14:04:32,1941.00,8,M
14:04:32,1941.00,3,M
14:04:32,1941.00,1,M
14:04:32,1941.00,1,M
14:04:32,1940.60,1,M
14:04:32,1941.00,10,M
14:04:32,1941.00,1,M
14:04:32,1941.00,2,M
14:04:32,1941.00,1,M
14:04:32,1941.00,20,M
14:04:32,1941.00,1,M
14:04:32,1941.00,1,M
14:04:32,1940.90,1,M
14:04:32,1940.90,3,M
14:04:32,1940.90,3,M
14:04:32,1940.90,1,M
14:04:32,1940.90,1,M
14:04:32,1940.90,1,M
14:04:32,1940.80,1,M
14:04:32,1940.80,1,M
14:04:32,1940.80,3,M
14:04:32,1940.80,3,M
14:04:32,1940.80,1,M
14:04:32,1940.80,1,M
14:04:32,1940.80,3,M
14:04:32,1940.80,1,M
14:04:32,1940.70,1,M
14:04:32,1940.60,1,M
14:04:31,1940.50,1,B
14:04:31,1940.70,1,M
14:04:31,1940.70,1,M
14:04:31,1940.70,1,M
14:04:31,1940.60,2,M
14:04:31,1940.60,1,M
14:04:31,1940.60,1,M
14:04:31,1940.60,1,M
14:04:31,1940.60,1,M
14:04:31,1940.60,1,M
14:04:31,1940.60,1,M
14:04:31,1940.60,1,M
14:04:31,1940.50,1,B
14:04:31,1940.60,1,M
14:04:31,1940.60,1,M
14:04:31,1940.30,1,B
14:04:31,1940.60,5,M
14:04:31,1940.60,3,M
14:04:31,1940.60,2,M
14:04:31,1940.60,2,M
14:04:31,1940.60,3,M
14:04:31,1940.60,3,M
14:04:31,1940.50,1,M
14:04:31,1940.50,1,M
14:04:30,1940.30,1,M
14:04:30,1940.30,1,B
14:04:30,1940.30,2,B
14:04:30,1940.30,1,B
14:04:30,1940.30,4,B
14:04:30,1940.60,1,M
14:04:30,1940.60,1,M
14:04:30,1940.60,1,M
14:04:30,1940.60,1,M
14:04:30,1940.30,1,B
14:04:30,1940.60,3,M
14:04:30,1940.60,2,M
14:04:30,1940.60,1,M
14:04:30,1940.60,2,M
14:04:30,1940.60,1,M
14:04:30,1940.50,1,M
14:04:30,1940.60,1,M
14:04:30,1940.60,2,M
14:04:30,1940.60,2,M
14:04:30,1940.60,2,M
14:04:30,1940.60,2,M
14:04:30,1940.60,2,M
14:04:30,1940.60,2,M
14:04:30,1940.60,3,M
14:04:30,1940.60,3,M
14:04:30,1940.60,1,M
14:04:30,1940.60,2,M
14:04:30,1940.60,3,M
14:04:30,1940.60,2,M
14:04:30,1940.60,2,M
14:04:30,1940.60,2,M
14:04:30,1940.60,3,M
14:04:30,1940.60,1,M
14:04:30,1940.50,1,M
14:04:30,1940.50,2,M
14:04:30,1940.50,1,M
14:04:30,1940.50,2,M
14:04:30,1940.50,1,M
14:04:30,1940.40,1,M
14:04:30,1940.40,1,M
14:04:30,1940.30,2,B
14:04:30,1940.30,3,M
14:04:29,1940.40,1,M
14:04:29,1940.30,3,M
14:04:29,1940.20,1,M
14:04:29,1940.50,2,M
14:04:29,1940.50,1,M
14:04:29,1940.50,1,M
14:04:29,1940.50,1,M
14:04:29,1940.50,1,M
14:04:29,1940.50,1,M
14:04:29,1940.50,1,M
14:04:29,1940.50,1,M
14:04:29,1940.50,12,M
14:04:29,1940.40,1,M
14:04:29,1940.40,1,M
14:04:29,1940.40,1,M
14:04:29,1940.40,8,M
14:04:29,1940.30,2,M
14:04:29,1940.30,1,M
14:04:29,1939.70,3,B
14:04:29,1939.70,1,B
14:04:29,1939.70,1,B
14:04:29,1939.70,1,B
14:04:29,1939.80,1,B
14:04:29,1939.80,1,B
14:04:29,1939.90,1,B
14:04:29,1939.90,1,B
14:04:29,1939.90,1,B
14:04:29,1940.00,1,B
14:04:29,1940.30,1,M
14:04:29,1940.30,1,M
14:04:29,1940.10,4,M
14:04:29,1940.10,1,M
14:04:29,1940.00,1,B
14:04:29,1940.00,1,B
14:04:29,1940.10,1,M
14:04:29,1940.10,7,M
14:04:29,1940.10,3,M
14:04:29,1940.10,1,M
14:04:29,1940.10,9,M
14:04:29,1940.10,1,M
14:04:29,1940.10,1,M
14:04:29,1940.10,1,M
14:04:29,1940.10,1,M
14:04:29,1940.30,1,M
14:04:29,1940.30,1,M
14:04:29,1940.20,1,M
14:04:29,1939.90,2,B
14:04:29,1940.20,2,M
14:04:29,1939.80,1,B
14:04:29,1939.80,3,B
14:04:29,1940.40,1,M
14:04:29,1940.40,1,M
14:04:29,1940.30,2,M
14:04:29,1940.30,1,M
14:04:29,1940.10,1,M
14:04:29,1939.60,3,M
14:04:29,1939.60,1,M
14:04:29,1939.60,1,M
14:04:28,1939.60,1,B
14:04:28,1939.60,4,B
14:04:28,1940.20,1,B
14:04:28,1940.30,1,M
14:04:28,1940.30,3,M
14:04:28,1940.20,1,M
14:04:28,1940.20,1,M
14:04:28,1940.20,1,M
14:04:28,1940.10,1,M
14:04:28,1940.00,1,M
14:04:28,1940.00,1,M
14:04:28,1940.00,1,M
14:04:28,1940.00,5,M
14:04:28,1940.00,1,M
14:04:28,1940.00,4,M
14:04:28,1940.00,1,M
14:04:28,1939.60,5,B
14:04:28,1939.60,2,B
14:04:28,1939.60,3,B
14:04:28,1939.80,1,B
14:04:28,1939.80,1,B
14:04:28,1939.60,1,B
14:04:28,1940.00,1,M
14:04:28,1940.00,1,M
14:04:28,1940.00,1,M
14:04:28,1940.00,2,M
14:04:28,1940.00,1,M
14:04:28,1940.00,2,M
14:04:28,1940.00,6,M
14:04:28,1939.90,2,M
14:04:28,1939.70,1,M
14:04:28,1939.90,1,M
14:04:28,1939.90,3,M
14:04:28,1939.90,2,M
14:04:28,1939.90,2,M
14:04:28,1939.90,1,M
14:04:28,1939.90,1,M
14:04:28,1939.90,2,M
14:04:28,1939.80,2,M
14:04:28,1939.80,1,M
14:04:28,1939.20,1,B
14:04:28,1939.20,1,B
14:04:28,1939.90,1,M
14:04:28,1939.40,1,M
14:04:28,1939.40,1,M
14:04:28,1939.40,1,M
14:04:28,1939.00,1,B
14:04:28,1939.00,1,B
14:04:28,1939.10,8,B
14:04:28,1940.00,2,M
14:04:28,1940.00,2,M
14:04:28,1940.00,2,M
14:04:28,1940.00,1,M
14:04:28,1940.00,1,M
14:04:28,1940.00,3,M
14:04:28,1940.00,2,M
14:04:28,1940.00,5,M
14:04:28,1940.00,1,M
14:04:28,1940.00,1,M
14:04:28,1940.00,2,M
14:04:28,1940.00,1,M
14:04:28,1940.00,5,M
14:04:28,1940.00,1,M
14:04:28,1940.00,1,M
14:04:28,1940.00,3,M
14:04:28,1939.90,1,M
14:04:28,1939.90,3,M
14:04:28,1939.90,1,M
14:04:28,1939.90,1,M
14:04:28,1939.90,5,M
14:04:28,1939.90,1,M
14:04:28,1939.90,1,M
14:04:28,1939.90,5,M
14:04:28,1939.80,1,M
14:04:28,1939.80,1,M
14:04:28,1939.80,1,M
14:04:28,1939.80,1,M
14:04:28,1939.80,1,M
14:04:28,1939.80,10,M
14:04:28,1939.80,4,M
14:04:28,1939.80,1,M
14:04:28,1939.80,5,M
14:04:28,1939.70,10,M
14:04:28,1939.70,1,M
14:04:28,1939.70,1,M
14:04:28,1939.60,1,M
14:04:28,1939.60,1,M
14:04:28,1939.60,1,M
14:04:28,1939.60,1,M
14:04:28,1939.60,1,M
14:04:28,1939.60,1,M
14:04:28,1939.60,1,M
14:04:28,1939.40,1,M
14:04:28,1939.40,4,M
14:04:28,1939.10,4,B
14:04:28,1939.20,1,B
14:04:28,1939.40,1,M
14:04:27,1939.20,1,B
14:04:27,1939.60,1,M
14:04:27,1939.30,1,B
14:04:27,1939.20,1,B
14:04:27,1939.30,1,B
14:04:27,1939.30,1,B
14:04:27,1939.40,1,B
14:04:27,1939.50,1,B
14:04:27,1939.70,1,M
14:04:27,1939.70,2,M
14:04:27,1939.70,1,M
14:04:27,1939.70,1,M
14:04:27,1939.60,2,M
14:04:27,1939.60,1,M
14:04:27,1939.50,1,M
14:04:26,1939.20,1,B
14:04:26,1939.20,2,B
14:04:26,1939.60,1,M
14:04:26,1939.20,1,B
14:04:26,1939.70,5,M
14:04:26,1939.70,1,M
14:04:26,1939.70,2,M
14:04:26,1939.60,6,M
14:04:26,1939.60,2,M
14:04:26,1939.60,2,M
14:04:26,1939.60,1,M
14:04:26,1939.60,5,M
14:04:26,1939.50,1,M
14:04:26,1939.50,2,M
14:04:26,1939.50,5,M
14:04:26,1939.50,1,M
14:04:26,1939.50,2,M
14:04:26,1939.50,1,M
14:04:26,1939.50,5,M
14:04:26,1939.40,1,B
14:04:26,1939.50,1,M
14:04:26,1939.50,1,M
14:04:26,1939.50,1,M
14:04:26,1939.50,1,M
14:04:26,1939.50,1,M
14:04:25,1939.20,1,B
14:04:25,1939.20,1,B
14:04:25,1939.20,1,B
14:04:25,1939.20,1,B
14:04:25,1939.50,15,M
14:04:25,1939.40,1,M
14:04:25,1939.40,1,M
14:04:25,1939.50,1,M
14:04:25,1939.50,3,M
14:04:25,1939.40,1,M
14:04:25,1939.40,1,M
14:04:25,1939.50,70,M
14:04:25,1939.50,1,M
14:04:25,1939.50,1,M
14:04:25,1939.50,1,M
14:04:25,1939.50,1,M
14:04:25,1939.50,5,M
14:04:25,1939.40,3,M
14:04:25,1939.40,1,M
14:04:25,1939.30,1,M
14:04:25,1939.30,4,M
14:04:25,1939.30,1,M
14:04:25,1939.20,1,M
14:04:25,1939.10,1,M
14:04:25,1939.10,5,M
14:04:25,1939.00,10,M
14:04:25,1939.00,1,M
14:04:25,1939.00,2,M
14:04:25,1939.00,1,M
14:04:25,1939.00,1,M
14:04:25,1939.00,3,M
14:04:25,1939.00,1,M
14:04:25,1939.00,5,M
14:04:25,1938.90,2,M
14:04:25,1938.90,1,M
14:04:25,1938.90,10,M
14:04:24,1938.90,10,M
14:04:24,1938.90,20,M
14:04:24,1938.90,1,M
14:04:24,1938.90,1,M
14:04:24,1938.80,1,M
14:04:24,1938.80,1,M
14:04:24,1938.80,1,M
14:04:24,1938.80,19,M
14:04:24,1938.70,1,M
14:04:24,1938.70,1,M
14:04:24,1938.70,1,M
14:04:24,1938.60,1,M
14:04:24,1938.60,1,M
14:04:24,1938.60,1,M
14:04:24,1938.60,1,M
14:04:24,1938.60,2,M
14:04:24,1938.60,1,M
14:04:24,1938.60,1,M
14:04:24,1938.50,1,M
14:04:24,1938.50,1,M
14:04:24,1938.50,1,M
14:04:23,1938.50,1,M
14:04:23,1938.50,3,M
14:04:23,1938.50,1,M
14:04:23,1938.50,2,M
14:04:23,1938.50,1,M
14:04:23,1938.40,1,M
14:04:23,1938.40,1,M
14:04:23,1938.40,5,M
14:04:23,1938.30,1,M
14:04:23,1938.10,1,M
14:04:23,1938.00,1,B
14:04:23,1938.00,4,M
14:04:23,1938.00,6,M
14:04:23,1938.00,1,M
14:04:23,1938.00,1,M
14:04:23,1938.00,1,M
14:04:23,1938.00,2,M
14:04:23,1938.00,2,M
14:04:23,1938.00,1,M
14:04:23,1938.00,6,M
14:04:22,1937.90,1,M
14:04:22,1937.90,1,M
14:04:22,1937.90,1,M
14:04:22,1937.90,1,M
14:04:22,1937.70,1,B
14:04:21,1937.80,1,M
14:04:21,1937.80,1,M
14:04:20,1937.70,1,M
14:04:20,1937.50,1,B
14:04:19,1937.50,1,B
14:04:19,1937.50,1,B
14:04:19,1937.70,1,M
14:04:19,1937.70,1,M
14:04:19,1937.70,1,M
14:04:18,1937.70,1,M
14:04:18,1937.70,1,M
14:04:18,1937.70,1,M
14:04:17,1937.70,1,M
14:04:17,1937.70,1,M
14:04:17,1937.70,1,M
14:04:17,1937.70,1,M
14:04:17,1937.60,1,M
14:04:17,1937.70,1,M
14:04:17,1937.80,1,M
14:04:17,1937.60,1,B
14:04:17,1937.60,11,B
14:04:16,1937.70,1,M
14:04:16,1937.60,1,B
14:04:16,1937.60,1,B
14:04:16,1937.70,1,M
14:04:16,1937.70,2,M
14:04:16,1937.70,1,M
14:04:16,1937.70,1,M
14:04:15,1937.70,3,M
14:04:15,1937.50,1,B
14:04:15,1938.00,2,M
14:04:15,1937.40,1,B
14:04:15,1937.50,1,B
14:04:15,1937.50,1,B
14:04:15,1937.60,1,B
14:04:15,1937.70,3,B
14:04:15,1937.70,2,B
14:04:15,1937.80,1,B
14:04:15,1937.70,1,B
14:04:15,1937.70,1,B
14:04:14,1938.00,2,M
14:04:14,1938.00,1,M
14:04:14,1937.80,4,M
14:04:14,1937.80,1,M
14:04:14,1937.80,1,M
14:04:14,1937.80,1,M
14:04:14,1937.70,1,M
14:04:14,1937.70,1,M
14:04:14,1937.70,1,M
14:04:14,1937.40,1,B
14:04:13,1937.40,1,M
14:04:13,1937.30,1,B
14:04:13,1937.40,1,M
14:04:13,1937.70,1,M
14:04:13,1937.70,1,M
14:04:13,1937.70,1,M
14:04:13,1937.70,1,M
14:04:13,1937.70,2,M
14:04:13,1937.70,1,M
14:04:13,1937.60,1,M
14:04:13,1937.50,1,M
14:04:13,1937.40,1,M
14:04:13,1937.40,1,M
14:04:13,1937.40,1,M
14:04:13,1937.20,1,B
14:04:13,1937.40,1,M
14:04:13,1937.40,1,M
14:04:12,1937.00,1,B
14:04:12,1937.40,2,M
14:04:12,1937.00,1,M
14:04:12,1937.00,1,M
14:04:12,1937.00,1,M
14:04:12,1937.00,3,B
14:04:12,1937.00,1,B
14:04:12,1937.10,1,B
14:04:12,1937.10,1,B
14:04:12,1937.10,1,B
14:04:12,1937.50,1,M
14:04:12,1937.50,1,M
14:04:12,1937.50,1,M
14:04:12,1937.50,1,M
14:04:12,1937.50,1,M
14:04:12,1937.50,1,M
14:04:12,1937.40,1,M
14:04:12,1937.30,1,M
14:04:12,1937.30,1,M
14:04:12,1937.30,3,M
14:04:12,1937.10,1,B
14:04:11,1937.20,1,M
14:04:11,1937.10,1,B
14:04:11,1937.10,1,B
14:04:11,1937.20,1,M
14:04:11,1937.40,1,M
14:04:11,1936.80,2,B
14:04:11,1936.90,3,B
14:04:11,1937.10,1,B
14:04:11,1937.10,1,B
14:04:11,1937.10,1,B
14:04:11,1937.40,1,M
14:04:11,1937.10,1,B
14:04:11,1937.40,1,M
14:04:10,1937.50,5,M
14:04:10,1937.50,2,M
14:04:10,1937.40,1,M
14:04:10,1937.40,1,M
14:04:10,1937.40,1,M
14:04:10,1937.40,3,M
14:04:10,1937.30,1,M
14:04:10,1937.30,1,M
14:04:10,1937.30,1,M
14:04:10,1937.20,1,M
14:04:10,1937.20,3,M
14:04:10,1937.20,3,M
14:04:10,1937.20,2,M
14:04:10,1937.20,1,M
14:04:10,1937.10,1,M
14:04:10,1937.10,1,M
14:04:10,1937.10,1,M
14:04:10,1937.10,1,M
14:04:10,1937.10,1,M
14:04:10,1937.10,1,M
14:04:10,1937.10,6,M
14:04:10,1937.00,1,M
14:04:10,1937.00,2,M
14:04:10,1937.00,2,M
14:04:10,1937.00,2,M
14:04:10,1937.00,1,M
14:04:10,1937.00,1,M
14:04:10,1937.00,1,M
14:04:10,1937.00,1,M
14:04:10,1937.00,1,M
14:04:10,1937.00,1,M
14:04:10,1936.70,1,M
14:04:10,1936.70,1,B
14:04:10,1937.00,1,M
14:04:10,1937.00,1,M
14:04:10,1937.00,1,M
14:04:10,1936.90,1,M
14:04:10,1936.80,1,M
14:04:10,1936.60,1,B
14:04:10,1936.60,1,B
14:04:09,1936.60,1,B
14:04:09,1937.00,1,M
14:04:09,1937.00,1,M
14:04:09,1937.00,1,M
14:04:09,1936.50,3,B
14:04:09,1936.50,1,B
14:04:09,1936.50,1,B
14:04:09,1936.50,1,B
14:04:09,1936.60,1,B
14:04:09,1936.60,1,B
14:04:09,1936.60,2,B
14:04:09,1936.60,1,B
14:04:09,1936.60,1,B
14:04:09,1936.60,5,B
14:04:09,1936.60,1,B
14:04:09,1936.70,1,B
14:04:09,1936.70,1,B
14:04:09,1936.70,1,B
14:04:09,1937.00,1,B
14:04:09,1937.00,1,M
14:04:09,1936.70,1,B
14:04:07,1936.80,1,B
14:04:07,1937.00,1,M
14:04:07,1937.00,1,M
14:04:07,1937.00,1,M
14:04:07,1937.00,1,M
14:04:07,1937.00,1,M
14:04:07,1936.90,1,B
14:04:07,1936.90,1,B
14:04:07,1937.00,1,M
14:04:07,1937.00,1,M
14:04:07,1937.00,4,M
14:04:05,1936.90,1,B
14:04:05,1936.90,1,M
14:04:05,1936.90,5,B
14:04:05,1936.90,2,B
14:04:05,1937.00,2,M
14:04:04,1937.00,1,M
14:04:03,1936.90,1,B
14:04:02,1936.90,1,M
14:04:02,1936.60,1,M
14:04:02,1936.90,1,M
14:04:01,1936.50,1,B
14:04:01,1936.50,4,B
14:04:01,1936.50,1,B
14:04:01,1936.50,2,B
14:04:01,1936.50,2,B
14:04:01,1936.50,1,B
14:04:01,1936.50,1,B
14:04:01,1936.50,1,B
14:04:01,1936.50,1,B
14:04:01,1936.50,1,B
14:04:01,1936.50,1,B
14:04:01,1936.50,52,B
14:04:01,1936.60,15,B
14:04:01,1936.70,1,B
14:04:01,1936.70,1,B
14:04:01,1936.80,1,B
14:04:01,1936.80,1,B
14:04:01,1936.80,1,B
14:04:01,1936.80,13,B
14:04:01,1937.00,6,M
14:04:01,1936.90,3,M
14:04:01,1936.80,2,B
14:04:01,1936.90,2,M
14:04:01,1936.80,1,B
14:04:01,1936.90,1,M
14:04:01,1936.80,1,B
14:04:01,1936.80,1,B
14:04:01,1936.80,2,B
14:04:01,1936.80,1,B
14:04:00,1936.60,1,B
14:04:00,1936.60,1,B
14:04:00,1936.80,1,M
14:04:00,1936.80,1,M
14:03:59,1936.60,1,B
14:03:59,1936.60,1,B
14:03:59,1936.60,1,B
14:03:59,1936.50,4,B
14:03:59,1936.50,20,B
14:03:58,1936.50,6,B
14:03:58,1936.50,1,B
14:03:58,1936.50,1,B
14:03:58,1936.90,1,M
14:03:58,1936.90,3,M
14:03:57,1936.50,5,B
14:03:57,1936.90,1,M
14:03:57,1936.50,9,B
14:03:57,1936.90,1,M
14:03:57,1936.90,7,M
14:03:57,1936.60,1,M
14:03:57,1936.50,1,B
14:03:57,1936.50,1,B
14:03:57,1936.50,1,B
14:03:57,1936.50,1,B
14:03:57,1936.50,4,B
14:03:57,1936.50,1,B
14:03:57,1936.50,1,B
14:03:57,1936.50,1,B
14:03:57,1936.50,1,B
14:03:57,1936.50,1,B
14:03:57,1936.50,1,B
14:03:57,1936.50,1,B
14:03:57,1936.50,29,B
14:03:57,1936.50,9,B
14:03:57,1936.50,30,B
14:03:57,1936.50,9,B
14:03:57,1936.50,1,B
14:03:57,1936.50,9,B
14:03:57,1936.50,1,B
14:03:57,1936.50,1,B
14:03:57,1936.50,1,B
14:03:57,1936.60,1,B
14:03:57,1936.60,1,B
14:03:57,1936.60,12,B
14:03:57,1936.70,1,B
14:03:57,1936.80,1,B
14:03:57,1936.80,2,B
14:03:57,1936.90,1,M
14:03:57,1936.80,40,B
14:03:57,1936.80,19,B
14:03:57,1936.80,1,B
14:03:57,1936.80,1,B
14:03:57,1936.80,1,B
14:03:57,1936.90,1,B
14:03:57,1936.90,1,B
14:03:57,1936.90,1,B
14:03:57,1936.80,1,B
14:03:57,1936.80,35,B
14:03:57,1936.80,2,B
14:03:57,1936.90,3,B
14:03:56,1936.80,1,B
14:03:56,1936.80,1,B
14:03:56,1936.80,2,B
14:03:56,1937.00,1,B
14:03:56,1937.00,1,B
14:03:56,1937.00,2,B
14:03:56,1937.00,5,B
14:03:56,1937.00,1,B
14:03:56,1937.00,6,B
14:03:56,1937.00,2,B
14:03:56,1937.00,2,B
14:03:56,1937.00,1,B
14:03:56,1937.00,5,B
14:03:56,1937.00,1,B
14:03:56,1937.00,1,B
14:03:56,1937.00,4,B
14:03:56,1937.00,2,B
14:03:56,1937.00,2,B
14:03:56,1937.00,1,B
14:03:56,1937.00,6,B
14:03:56,1937.00,1,B
14:03:56,1937.00,1,B
14:03:56,1937.00,1,B
14:03:56,1937.00,1,B
14:03:56,1937.00,28,B
14:03:56,1937.00,5,B
14:03:56,1937.00,9,B
14:03:56,1937.00,1,B
14:03:56,1937.00,1,B
14:03:56,1937.00,5,B
14:03:56,1937.00,4,B
14:03:56,1937.00,5,B
14:03:56,1937.00,1,B
14:03:56,1937.00,1,B
14:03:56,1937.00,3,B
14:03:56,1937.00,19,B
14:03:56,1937.00,3,B
14:03:56,1937.00,1,B
14:03:56,1937.00,3,B
14:03:56,1937.00,16,B
14:03:56,1937.00,3,B
14:03:56,1937.00,1,B
14:03:56,1937.00,1,B
14:03:56,1937.00,4,B
14:03:56,1937.00,1,B
14:03:56,1937.00,1,B
14:03:56,1937.00,1,B
14:03:56,1937.00,8,B
14:03:56,1937.00,2,B
14:03:56,1937.40,1,M
14:03:56,1937.00,30,B
14:03:56,1937.00,5,B
14:03:56,1937.00,73,B
14:03:56,1937.30,7,B
14:03:56,1937.30,2,B
14:03:56,1937.30,1,B
14:03:55,1937.00,21,B
14:03:55,1937.10,1,B
14:03:55,1937.10,1,B
14:03:55,1937.10,1,B
14:03:55,1937.10,1,B
14:03:55,1937.10,1,B
14:03:55,1937.10,1,B
14:03:55,1937.10,1,B
14:03:55,1937.10,1,B
14:03:55,1937.10,1,B
14:03:55,1937.10,1,B
14:03:55,1937.10,3,B
14:03:55,1937.10,1,B
14:03:55,1937.10,10,B
14:03:54,1937.50,3,M
14:03:54,1937.40,1,M
14:03:54,1937.10,1,B
14:03:54,1937.10,50,B
14:03:54,1937.10,1,B
14:03:54,1937.10,20,B
14:03:54,1937.10,1,B
14:03:54,1937.10,5,B
14:03:54,1937.10,1,B
14:03:54,1937.20,3,B
14:03:54,1937.20,1,B
14:03:54,1937.20,1,B
14:03:54,1937.20,1,B
14:03:54,1937.20,1,B
14:03:54,1937.20,1,B
14:03:54,1937.20,2,B
14:03:54,1937.30,5,B
14:03:54,1937.30,4,B
14:03:54,1937.30,1,B
14:03:54,1937.30,1,B
14:03:53,1937.30,1,B
14:03:52,1937.50,1,M
14:03:49,1937.50,1,B
14:03:49,1937.20,1,B
14:03:49,1937.20,1,B
14:03:49,1937.20,1,B
14:03:49,1937.20,1,B
14:03:49,1937.20,1,B
14:03:49,1937.20,5,B
14:03:49,1937.30,1,B
14:03:49,1937.30,1,B
14:03:49,1937.30,1,B
14:03:49,1937.30,3,B
14:03:49,1937.30,9,B
14:03:49,1937.30,1,B
14:03:49,1937.30,5,B
14:03:49,1937.30,1,B
14:03:49,1937.40,1,B
14:03:49,1937.40,9,B
14:03:49,1937.40,1,B
14:03:49,1937.40,1,B
14:03:49,1937.40,1,B
14:03:49,1937.40,1,B
14:03:49,1937.50,4,B
14:03:49,1937.50,1,M
14:03:48,1937.50,2,M
14:03:47,1937.40,1,B
14:03:47,1937.40,1,B
14:03:47,1937.40,1,B
14:03:47,1937.40,1,B
14:03:47,1937.40,1,B
14:03:47,1937.40,1,B
14:03:47,1937.40,1,B
14:03:47,1937.40,1,B
14:03:47,1937.50,1,M
14:03:47,1937.50,1,M
14:03:47,1937.50,1,M
14:03:47,1937.50,1,M
14:03:47,1937.50,1,M
14:03:47,1937.50,1,B
14:03:47,1937.50,1,B
14:03:47,1937.90,3,M
14:03:47,1937.90,1,M
14:03:47,1937.90,1,M
14:03:47,1937.90,1,M
14:03:47,1937.90,4,M
14:03:47,1937.90,2,M
14:03:47,1937.80,1,M
14:03:47,1937.80,1,M
14:03:47,1937.80,1,M
14:03:47,1937.80,9,M
14:03:47,1937.70,1,M
14:03:47,1937.60,5,M
14:03:47,1937.50,2,M
14:03:47,1937.50,1,M
14:03:47,1937.50,4,M
14:03:47,1937.40,10,M
14:03:47,1937.40,2,M
14:03:47,1937.40,1,M
14:03:45,1937.40,1,M
14:03:45,1937.50,1,M
14:03:45,1937.50,1,M
14:03:44,1937.30,1,B
14:03:44,1937.30,1,B
14:03:44,1937.30,1,B
14:03:44,1937.30,1,B
14:03:44,1937.30,2,B
14:03:44,1937.40,1,B
14:03:44,1937.40,1,B
14:03:44,1937.40,1,B
14:03:44,1937.40,1,B
14:03:44,1937.40,15,B
14:03:43,1937.40,2,B
14:03:42,1937.50,1,M
14:03:41,1937.50,1,M
14:03:41,1937.50,1,M
14:03:41,1937.50,1,M
14:03:41,1937.50,2,B
14:03:41,1937.50,5,B
14:03:41,1937.50,2,B
14:03:41,1937.50,1,B
14:03:41,1937.70,1,M
14:03:41,1937.60,1,M
14:03:40,1937.50,1,B
14:03:40,1937.50,1,B
14:03:40,1937.60,1,M
14:03:39,1937.50,1,B
14:03:39,1937.50,2,B
14:03:38,1937.50,2,B
14:03:38,1937.50,1,B
14:03:37,1937.50,1,B
14:03:37,1937.50,16,B
14:03:37,1937.60,1,B
14:03:37,1937.60,5,B
14:03:37,1937.70,1,B
14:03:37,1937.70,1,B
14:03:37,1937.70,1,B
14:03:37,1937.70,2,B
14:03:37,1937.70,3,B
14:03:36,1937.80,5,B
14:03:36,1937.80,2,B
14:03:36,1937.80,1,B
14:03:36,1937.80,1,B
14:03:35,1937.80,1,B
14:03:34,1937.80,1,B
14:03:33,1937.80,1,B
14:03:33,1937.90,2,B
