Time,Price,Volume,Side
09:44:54,2065.90,1,M
09:44:54,2065.90,16,M
09:44:54,2065.90,1,M
09:44:54,2065.90,3,M
09:44:54,2065.90,1,M
09:44:53,2065.90,1,M
09:44:53,2065.90,5,M
09:44:52,2065.90,1,M
09:44:51,2065.90,1,M
09:44:50,2065.60,1,B
09:44:50,2065.90,8,M
09:44:50,2065.90,12,M
09:44:50,2065.90,1,M
09:44:49,2065.60,1,B
09:44:49,2065.60,1,B
09:44:45,2065.90,5,M
09:44:45,2065.90,1,M
09:44:44,2065.90,1,M
09:44:43,2065.80,1,B
09:44:42,2065.90,1,M
09:44:41,2065.90,1,M
09:44:40,2065.60,1,B
09:44:40,2065.60,18,B
09:44:40,2065.70,5,B
09:44:39,2065.90,1,M
09:44:39,2065.90,10,M
09:44:39,2065.90,10,M
09:44:39,2065.90,10,M
09:44:39,2065.90,7,M
09:44:39,2065.80,20,M
09:44:39,2065.80,14,M
09:44:39,2065.80,1,M
09:44:38,2065.80,1,M
09:44:37,2065.80,2,M
09:44:37,2065.80,1,M
09:44:34,2065.80,2,M
09:44:34,2065.60,1,B
09:44:34,2065.70,1,B
09:44:32,2065.90,1,M
09:44:32,2065.90,1,M
09:44:32,2065.90,1,M
09:44:32,2065.80,1,M
09:44:32,2065.80,21,M
09:44:32,2065.70,5,M
09:44:32,2065.70,8,M
09:44:32,2065.70,1,M
09:44:32,2065.70,1,M
09:44:32,2065.60,8,B
09:44:31,2065.60,1,B
09:44:29,2065.80,5,M
09:44:29,2065.80,1,M
09:44:29,2065.80,1,M
09:44:29,2065.80,2,M
09:44:29,2065.80,3,M
09:44:29,2065.80,1,M
09:44:29,2065.80,1,M
09:44:29,2065.80,5,M
09:44:29,2065.80,1,M
09:44:29,2065.70,2,M
09:44:29,2065.60,1,B
09:44:28,2065.60,1,M
09:44:28,2065.30,3,B
09:44:28,2065.30,1,B
09:44:28,2065.30,2,B
09:44:28,2065.50,1,B
09:44:28,2065.50,1,B
09:44:28,2065.60,1,B
09:44:27,2065.60,2,B
09:44:27,2065.70,3,M
09:44:26,2065.50,1,B
09:44:25,2065.30,1,B
09:44:25,2065.30,5,B
09:44:25,2065.30,1,B
09:44:25,2065.30,1,B
09:44:25,2065.30,1,B
09:44:25,2065.30,2,B
09:44:25,2065.30,5,B
09:44:25,2065.40,1,B
09:44:25,2065.40,5,B
09:44:25,2065.40,30,B
09:44:25,2065.50,21,B
09:44:25,2065.50,21,B
09:44:25,2065.50,21,B
09:44:25,2065.50,3,B
09:44:25,2065.50,1,B
09:44:25,2065.50,5,B
09:44:22,2065.50,1,B
09:44:21,2065.60,1,M
09:44:20,2065.40,2,B
09:44:20,2065.50,1,M
09:44:20,2065.40,1,B
09:44:19,2065.50,1,M
09:44:19,2065.50,1,M
09:44:18,2065.50,2,M
09:44:18,2065.50,1,M
09:44:18,2065.50,1,M
09:44:17,2065.50,5,M
09:44:16,2065.50,2,M
09:44:16,2065.50,1,M
09:44:15,2065.70,1,M
09:44:15,2065.40,17,B
09:44:15,2065.40,1,B
09:44:15,2065.40,1,B
09:44:15,2065.40,2,B
09:44:15,2065.40,1,B
09:44:15,2065.40,2,B
09:44:15,2065.50,1,B
09:44:15,2065.50,1,B
09:44:15,2065.50,20,B
09:44:15,2065.50,2,B
09:44:15,2065.50,2,B
09:44:14,2065.50,1,B
09:44:14,2065.50,2,B
09:44:14,2065.60,1,B
09:44:12,2065.60,1,B
09:44:12,2065.70,1,B
09:44:09,2065.80,4,M
09:44:08,2065.60,1,M
09:44:08,2065.60,5,B
09:44:08,2065.80,2,M
09:44:08,2065.60,1,B
09:44:07,2065.60,2,B
09:44:07,2065.60,7,B
09:44:07,2065.80,2,M
09:44:07,2065.70,1,M
09:44:07,2065.70,2,M
09:44:07,2065.60,1,B
09:44:07,2065.70,1,M
09:44:06,2065.70,1,M
09:44:06,2065.70,1,M
09:44:06,2065.60,1,B
09:44:06,2065.70,2,M
09:44:06,2065.70,17,M
09:44:05,2065.60,2,B
09:44:04,2065.60,1,M
09:44:03,2065.60,5,M
09:44:03,2065.40,1,B
09:44:03,2065.40,1,B
09:44:03,2065.50,1,B
09:44:03,2065.50,1,B
09:44:03,2065.50,3,B
09:44:03,2065.50,3,B
09:44:03,2065.50,1,B
09:44:03,2065.50,3,B
09:44:03,2065.50,5,B
09:44:03,2065.50,1,B
09:44:03,2065.50,1,B
09:44:03,2065.60,1,M
09:44:02,2065.70,1,M
09:44:02,2065.50,2,B
09:44:02,2065.70,2,M
09:44:01,2065.70,1,M
09:44:01,2065.80,1,M
09:44:01,2065.80,10,M
09:44:01,2065.80,1,M
09:44:01,2065.80,5,M
09:44:01,2065.80,1,M
09:44:01,2065.50,15,B
09:44:00,2065.50,1,B
09:44:00,2065.70,2,B
09:44:00,2065.80,1,M
09:44:00,2065.50,1,B
09:43:59,2065.80,2,M
09:43:59,2065.50,1,B
09:43:59,2065.60,1,B
09:43:59,2065.60,1,B
09:43:59,2065.60,1,B
09:43:59,2065.70,1,B
09:43:59,2065.80,1,M
09:43:59,2065.80,9,M
09:43:58,2065.80,1,M
09:43:58,2065.80,3,M
09:43:58,2065.80,3,M
09:43:58,2065.70,3,M
09:43:58,2065.70,1,M
09:43:57,2065.70,4,M
09:43:57,2065.70,1,M
09:43:56,2065.70,2,M
09:43:56,2065.50,6,B
09:43:56,2065.60,10,B
09:43:56,2065.60,1,B
09:43:56,2065.60,1,B
09:43:56,2065.60,1,B
09:43:56,2065.60,1,B
09:43:56,2065.60,1,B
09:43:56,2065.70,3,M
09:43:56,2065.70,1,M
09:43:56,2065.70,1,M
09:43:56,2065.70,1,M
09:43:55,2065.80,1,M
09:43:55,2065.60,4,B
09:43:55,2065.60,1,B
09:43:55,2065.60,1,B
09:43:55,2065.80,1,M
09:43:55,2065.70,10,B
09:43:55,2065.70,1,B
09:43:54,2065.70,5,B
09:43:54,2065.70,1,B
09:43:54,2065.70,1,B
09:43:53,2065.80,1,M
09:43:53,2065.70,16,B
09:43:52,2065.80,1,M
09:43:52,2065.70,1,B
09:43:51,2065.80,1,M
09:43:51,2065.80,1,M
09:43:50,2065.70,6,B
09:43:50,2065.70,9,M
09:43:50,2065.70,1,M
09:43:50,2065.70,1,M
09:43:50,2065.70,3,M
09:43:49,2065.60,2,B
09:43:49,2065.60,1,M
09:43:48,2065.50,1,B
09:43:48,2065.70,7,M
09:43:48,2065.70,3,M
09:43:48,2065.60,1,M
09:43:48,2065.60,19,M
09:43:48,2065.60,1,M
09:43:48,2065.50,1,B
09:43:48,2065.60,1,M
09:43:47,2065.60,2,M
09:43:47,2065.60,3,M
09:43:47,2065.60,4,M
09:43:46,2065.50,5,B
09:43:46,2065.60,1,M
09:43:45,2065.50,3,B
09:43:45,2065.60,1,M
09:43:45,2065.50,1,B
09:43:45,2065.50,5,B
09:43:45,2065.50,1,B
09:43:45,2065.60,1,M
09:43:44,2065.40,2,B
09:43:44,2065.40,1,B
09:43:44,2065.50,11,M
09:43:44,2065.50,1,M
09:43:44,2065.40,1,B
09:43:44,2065.40,1,B
09:43:44,2065.40,2,B
09:43:43,2065.40,3,B
09:43:43,2065.40,1,B
09:43:43,2065.40,9,M
09:43:42,2065.40,3,B
09:43:42,2065.40,2,B
09:43:42,2065.40,1,B
09:43:42,2065.50,1,M
09:43:42,2065.40,3,B
09:43:41,2065.40,1,B
09:43:41,2065.40,1,B
09:43:40,2065.50,3,M
09:43:40,2065.30,1,M
09:43:39,2065.30,1,B
09:43:39,2065.30,1,B
09:43:39,2065.30,2,B
09:43:39,2065.30,1,B
09:43:39,2065.30,2,B
09:43:39,2065.30,10,B
09:43:39,2065.50,1,M
09:43:39,2065.40,1,M
09:43:39,2065.30,1,B
09:43:38,2065.70,1,M
09:43:38,2065.60,1,M
09:43:38,2065.60,2,M
09:43:38,2065.60,1,M
09:43:38,2065.30,3,B
09:43:38,2065.30,9,B
09:43:38,2065.50,1,B
09:43:37,2065.40,1,B
09:43:37,2065.40,1,B
09:43:36,2065.30,4,B
09:43:36,2065.40,1,B
09:43:36,2065.50,1,M
09:43:35,2065.30,7,B
09:43:35,2065.30,1,B
09:43:35,2065.40,2,B
09:43:35,2065.30,5,B
09:43:35,2065.40,1,B
09:43:34,2065.60,1,M
09:43:34,2065.30,7,B
09:43:34,2065.40,1,B
09:43:34,2065.40,1,B
09:43:34,2065.50,1,B
09:43:33,2065.60,2,B
09:43:33,2065.70,1,M
09:43:33,2065.60,1,B
09:43:33,2065.60,5,B
09:43:33,2065.60,2,B
09:43:33,2065.30,3,B
09:43:33,2065.30,1,B
09:43:33,2065.30,1,B
09:43:33,2065.30,5,B
09:43:33,2065.30,1,B
09:43:33,2065.30,2,B
09:43:33,2065.30,2,B
09:43:33,2065.30,1,B
09:43:33,2065.30,1,B
09:43:33,2065.30,1,B
09:43:33,2065.30,1,B
09:43:33,2065.30,1,B
09:43:33,2065.30,1,B
09:43:33,2065.30,1,B
09:43:33,2065.40,1,B
09:43:33,2065.40,1,B
09:43:33,2065.40,2,B
09:43:33,2065.40,4,B
09:43:33,2065.40,3,B
09:43:32,2065.60,1,M
09:43:32,2065.40,3,B
09:43:32,2065.60,1,M
09:43:32,2065.40,1,B
09:43:32,2065.40,1,B
09:43:32,2065.40,2,B
09:43:32,2065.40,4,B
09:43:32,2065.40,2,B
09:43:32,2065.40,1,B
09:43:32,2065.60,1,M
09:43:32,2065.40,2,B
09:43:32,2065.50,8,B
09:43:32,2065.50,2,B
09:43:32,2065.50,1,B
09:43:31,2065.50,1,B
09:43:30,2065.50,1,M
09:43:30,2065.50,1,M
09:43:30,2065.40,1,B
09:43:30,2065.70,1,M
09:43:30,2065.40,1,B
09:43:30,2065.40,2,B
09:43:30,2065.50,1,B
09:43:30,2065.50,1,B
09:43:28,2065.40,1,B
09:43:28,2065.40,1,B
09:43:28,2065.50,1,B
09:43:28,2065.50,1,B
09:43:28,2065.50,4,B
09:43:28,2065.60,2,B
09:43:28,2065.80,3,M
09:43:28,2065.80,8,M
09:43:28,2065.70,2,M
09:43:28,2065.50,1,B
09:43:26,2065.70,1,M
09:43:25,2065.50,2,B
09:43:25,2065.50,1,B
09:43:25,2065.50,1,B
09:43:25,2065.50,1,B
09:43:25,2065.60,1,B
09:43:25,2065.80,4,M
09:43:25,2065.70,6,M
09:43:23,2065.50,1,B
09:43:22,2065.70,1,M
09:43:21,2065.30,1,B
09:43:21,2065.30,1,B
09:43:21,2065.30,4,B
09:43:21,2065.70,1,M
09:43:20,2065.30,10,B
09:43:20,2065.30,19,B
09:43:20,2065.40,1,B
09:43:20,2065.70,10,M
09:43:20,2065.70,1,M
09:43:20,2065.70,1,M
09:43:20,2065.30,1,B
09:43:20,2065.70,1,M
09:43:20,2065.30,1,B
09:43:20,2065.50,5,B
09:43:20,2065.30,2,B
09:43:19,2065.30,2,B
09:43:19,2065.50,1,B
09:43:19,2065.80,4,M
09:43:19,2065.70,1,M
09:43:18,2065.30,1,B
09:43:18,2065.30,1,B
09:43:18,2065.40,5,B
09:43:18,2065.50,5,B
09:43:18,2065.50,2,B
09:43:18,2065.50,2,B
09:43:18,2065.50,1,B
09:43:18,2065.50,3,B
09:43:18,2065.50,2,B
09:43:18,2065.50,1,B
09:43:18,2065.50,5,B
09:43:18,2065.50,4,B
09:43:18,2065.80,2,M
09:43:18,2065.70,1,M
09:43:18,2065.70,2,M
09:43:17,2065.80,10,M
09:43:17,2065.80,3,M
09:43:17,2065.80,1,M
09:43:17,2065.50,1,B
09:43:16,2066.00,2,M
09:43:16,2066.00,1,M
09:43:16,2065.90,1,M
09:43:16,2066.00,5,M
09:43:16,2065.50,1,B
09:43:16,2065.70,1,B
09:43:16,2065.80,1,B
09:43:16,2065.80,1,B
09:43:15,2066.10,1,M
09:43:15,2065.60,1,B
09:43:15,2065.50,1,B
09:43:15,2065.60,1,B
09:43:15,2065.60,1,B
09:43:15,2065.60,1,B
09:43:15,2065.90,1,B
09:43:15,2066.10,4,M
09:43:15,2066.00,1,M
09:43:14,2065.60,3,B
09:43:14,2065.60,1,B
09:43:14,2065.60,2,B
09:43:14,2065.80,3,B
09:43:14,2066.00,1,B
09:43:14,2066.00,2,M
09:43:14,2066.00,1,M
09:43:14,2066.00,1,M
09:43:14,2066.00,3,M
09:43:14,2065.60,5,B
09:43:14,2065.80,1,B
09:43:14,2065.80,6,B
09:43:14,2066.00,1,M
09:43:13,2066.00,1,M
09:43:12,2065.90,1,B
09:43:12,2065.90,1,B
09:43:11,2066.00,2,M
09:43:11,2065.60,3,B
09:43:11,2065.60,1,B
09:43:10,2066.00,1,M
09:43:10,2065.90,1,M
09:43:10,2065.80,1,M
09:43:10,2065.90,1,M
09:43:10,2065.80,1,M
09:43:10,2065.70,1,M
09:43:10,2065.50,1,B
09:43:10,2065.60,1,B
09:43:10,2065.70,2,M
09:43:10,2065.80,1,M
09:43:10,2065.80,2,M
09:43:09,2065.50,1,B
09:43:09,2065.60,1,B
09:43:09,2065.60,1,B
09:43:09,2065.60,1,B
09:43:09,2065.60,1,B
09:43:09,2065.60,1,B
09:43:09,2065.80,1,M
09:43:08,2065.60,2,B
09:43:08,2066.00,1,M
09:43:08,2065.90,1,B
09:43:08,2066.00,1,M
09:43:08,2065.60,13,B
09:43:07,2065.60,1,B
09:43:07,2065.60,7,B
09:43:07,2065.70,1,B
09:43:07,2065.80,1,B
09:43:07,2065.90,1,B
09:43:07,2065.90,2,B
09:43:07,2065.90,18,B
09:43:07,2066.10,7,B
09:43:06,2065.60,1,B
09:43:06,2065.60,12,B
09:43:06,2065.60,1,B
09:43:06,2065.60,3,B
09:43:06,2065.60,1,B
09:43:06,2065.60,1,B
09:43:06,2065.70,1,B
09:43:06,2065.70,8,B
09:43:06,2065.70,8,B
09:43:06,2065.80,1,B
09:43:06,2065.80,1,B
09:43:06,2065.80,7,B
09:43:06,2065.90,1,B
09:43:06,2065.90,2,B
09:43:06,2066.00,2,B
09:43:06,2066.40,2,M
09:43:06,2066.40,2,M
09:43:06,2066.30,1,M
09:43:06,2066.30,11,M
09:43:06,2066.30,16,M
09:43:06,2066.00,2,B
09:43:05,2066.00,2,B
09:43:05,2066.00,1,B
09:43:05,2066.00,1,B
09:43:05,2066.10,2,B
09:43:05,2066.30,2,M
09:43:05,2066.10,1,B
09:43:05,2066.20,1,M
09:43:04,2066.20,1,B
09:43:04,2066.30,2,B
09:43:03,2066.50,1,M
09:43:03,2066.50,1,M
09:43:03,2066.50,1,M
09:43:03,2066.50,1,M
09:43:03,2066.50,1,M
09:43:03,2066.40,1,M
09:43:03,2066.40,1,M
09:43:03,2066.30,1,M
09:43:03,2066.30,1,M
09:43:02,2065.80,13,B
09:43:02,2065.90,1,B
09:43:02,2065.90,1,B
09:43:02,2065.90,1,B
09:43:02,2065.90,1,B
09:43:02,2066.00,1,B
09:43:02,2065.90,2,B
09:43:02,2065.90,1,B
09:43:02,2065.90,1,B
09:43:02,2065.90,1,B
09:43:02,2066.00,1,M
09:43:01,2066.00,1,B
09:43:01,2066.10,1,B
09:43:01,2066.10,2,B
09:43:01,2066.00,1,B
09:43:01,2066.60,1,M
09:43:01,2066.60,2,M
09:43:01,2066.60,1,M
09:43:01,2066.50,1,M
09:43:01,2066.50,1,M
09:43:01,2066.50,1,M
09:43:01,2066.40,2,M
09:43:01,2066.40,1,M
09:43:01,2066.40,3,M
09:43:01,2066.30,1,M
09:43:01,2066.30,1,M
09:43:01,2066.30,1,M
09:43:01,2066.30,1,M
09:43:01,2066.30,1,M
09:43:01,2066.30,1,M
09:43:01,2066.30,5,M
09:43:01,2066.30,18,M
09:43:01,2066.30,18,M
09:43:01,2066.30,4,M
09:43:01,2066.20,1,M
09:43:01,2066.20,1,M
09:43:01,2066.10,1,M
09:43:01,2066.10,3,M
09:43:01,2066.10,1,M
09:43:01,2066.10,5,M
09:43:01,2066.00,2,M
09:43:01,2066.00,1,M
09:43:01,2066.00,1,M
09:43:01,2066.00,1,M
09:43:01,2066.00,12,M
09:43:01,2065.90,1,M
09:43:01,2065.90,1,M
09:43:01,2065.90,5,M
09:43:01,2065.90,3,M
09:43:01,2065.80,1,M
09:43:01,2065.80,1,M
09:43:01,2065.60,1,B
09:43:01,2065.60,1,B
09:43:01,2065.60,6,B
09:43:01,2065.60,1,B
09:43:01,2065.70,1,B
09:43:01,2065.70,1,B
09:43:01,2065.70,1,B
09:43:01,2065.70,1,B
09:43:01,2065.70,1,B
09:43:01,2065.80,1,M
09:43:00,2065.70,1,B
09:43:00,2065.70,1,B
09:43:00,2065.80,1,M
09:43:00,2065.60,1,B
09:43:00,2065.60,1,B
09:43:00,2065.60,1,B
09:43:00,2065.60,1,B
09:43:00,2065.80,1,M
09:43:00,2065.80,1,M
09:42:59,2065.60,2,B
09:42:58,2065.80,1,M
09:42:58,2065.60,1,B
09:42:58,2065.80,1,M
09:42:58,2065.60,2,B
09:42:58,2065.60,4,B
09:42:58,2065.60,2,B
09:42:58,2065.60,2,B
09:42:58,2065.60,1,B
09:42:58,2065.60,5,B
09:42:57,2065.60,1,M
09:42:57,2065.50,1,B
09:42:57,2065.60,3,M
09:42:57,2065.60,5,M
09:42:57,2065.60,7,M
09:42:57,2065.50,8,M
09:42:57,2065.40,2,B
09:42:57,2065.40,1,B
09:42:57,2065.50,3,B
09:42:57,2065.50,14,B
09:42:57,2065.50,2,B
09:42:57,2065.60,2,M
09:42:57,2065.50,2,B
09:42:57,2065.50,3,B
09:42:56,2065.60,2,M
09:42:56,2065.50,3,B
09:42:56,2065.50,1,B
09:42:56,2065.50,1,B
09:42:56,2065.50,1,B
09:42:55,2065.50,2,B
09:42:55,2065.50,1,B
09:42:55,2065.20,1,B
09:42:55,2065.20,2,B
09:42:55,2065.30,1,B
09:42:55,2065.30,1,B
09:42:55,2065.30,1,B
09:42:55,2065.30,1,B
09:42:55,2065.30,2,B
09:42:55,2065.30,2,B
09:42:55,2065.30,4,B
09:42:55,2065.30,1,B
09:42:55,2065.30,1,B
09:42:55,2065.40,1,B
09:42:55,2065.50,1,B
09:42:55,2066.00,1,M
09:42:55,2065.90,1,M
09:42:55,2065.90,1,M
09:42:55,2065.20,3,B
09:42:55,2065.30,1,B
09:42:55,2065.30,11,B
09:42:55,2065.30,1,B
09:42:55,2065.40,1,B
09:42:55,2065.40,1,B
09:42:55,2065.50,1,B
09:42:55,2065.50,31,B
09:42:55,2065.50,1,B
09:42:55,2065.60,2,M
09:42:55,2065.60,1,B
09:42:55,2065.60,2,B
09:42:55,2065.60,4,B
09:42:54,2065.60,3,B
09:42:54,2066.00,23,M
09:42:54,2066.00,1,M
09:42:54,2065.90,2,M
09:42:54,2065.80,1,M
09:42:54,2065.70,3,M
09:42:54,2065.60,8,B
09:42:54,2065.60,1,B
09:42:54,2065.60,3,M
09:42:54,2065.30,2,B
09:42:54,2065.30,1,B
09:42:54,2065.30,1,B
09:42:54,2065.30,1,B
09:42:54,2065.30,2,B
09:42:54,2065.30,1,B
09:42:54,2065.30,1,B
09:42:54,2065.30,1,B
09:42:54,2065.30,1,B
09:42:54,2065.30,1,B
09:42:54,2065.40,1,B
09:42:54,2065.40,5,B
09:42:54,2065.50,1,B
09:42:54,2065.50,35,B
09:42:54,2065.50,1,B
09:42:54,2065.60,1,M
09:42:54,2065.50,2,B
09:42:54,2065.50,1,B
09:42:54,2065.50,1,B
09:42:54,2065.60,1,M
09:42:54,2065.50,1,B
09:42:54,2065.50,1,B
09:42:54,2065.50,5,B
09:42:54,2065.50,2,B
09:42:54,2065.50,1,B
09:42:53,2065.60,5,M
09:42:53,2065.50,2,B
09:42:53,2065.50,4,B
09:42:53,2065.50,1,B
09:42:53,2065.50,1,B
09:42:53,2065.50,1,B
09:42:53,2065.50,1,B
09:42:53,2065.50,1,B
09:42:53,2065.50,1,B
09:42:53,2065.50,2,B
09:42:53,2065.50,1,B
09:42:53,2065.50,5,B
09:42:53,2065.50,3,B
09:42:53,2065.60,1,B
09:42:53,2065.60,5,B
09:42:53,2065.60,5,B
09:42:53,2065.70,1,B
09:42:53,2065.70,8,B
09:42:53,2065.70,22,B
09:42:53,2065.70,4,B
09:42:53,2065.70,2,B
09:42:53,2065.70,2,B
09:42:53,2065.70,1,B
09:42:53,2065.70,2,B
09:42:53,2065.80,1,B
09:42:52,2065.80,1,B
09:42:52,2065.80,2,B
09:42:52,2065.90,8,B
09:42:52,2066.00,1,B
09:42:52,2066.00,1,B
09:42:52,2066.00,8,M
09:42:52,2065.90,5,M
09:42:51,2066.10,2,M
09:42:51,2066.00,2,M
09:42:51,2065.80,1,B
09:42:51,2065.80,1,B
09:42:51,2065.80,1,B
09:42:51,2065.80,1,B
09:42:51,2065.80,1,B
09:42:51,2065.80,10,B
09:42:51,2065.80,1,B
09:42:51,2065.80,1,B
09:42:51,2065.80,1,B
09:42:51,2065.90,19,B
09:42:51,2066.10,1,M
09:42:51,2065.90,1,B
09:42:50,2065.90,9,B
09:42:50,2066.00,1,B
09:42:50,2066.10,20,B
09:42:50,2066.10,20,B
09:42:50,2065.90,1,B
09:42:50,2065.90,1,B
09:42:50,2065.90,3,B
09:42:50,2065.90,1,B
09:42:50,2066.00,15,B
09:42:50,2066.10,20,B
09:42:50,2066.10,11,B
09:42:50,2066.10,1,B
09:42:49,2066.10,2,B
09:42:49,2066.10,5,B
09:42:49,2066.10,1,M
09:42:49,2066.00,1,B
09:42:49,2066.00,1,B
09:42:49,2066.00,2,B
09:42:48,2066.00,2,B
09:42:48,2066.00,1,B
09:42:48,2066.10,1,B
09:42:48,2066.10,1,B
09:42:48,2066.10,1,B
09:42:48,2066.00,1,M
09:42:47,2066.00,1,M
09:42:47,2066.00,3,M
09:42:47,2066.00,4,B
09:42:47,2066.00,3,B
09:42:47,2066.00,2,B
09:42:47,2066.00,5,B
09:42:47,2066.00,1,B
09:42:47,2066.00,1,B
09:42:47,2066.00,1,B
09:42:47,2066.00,4,B
09:42:47,2066.00,1,B
09:42:47,2066.00,1,B
09:42:47,2066.00,1,B
09:42:47,2066.00,2,B
09:42:47,2066.00,2,B
09:42:47,2066.00,1,B
09:42:47,2066.00,2,B
09:42:47,2066.00,2,B
09:42:47,2066.00,1,B
09:42:47,2066.00,1,B
09:42:47,2066.00,3,B
09:42:47,2066.00,1,B
09:42:47,2066.00,3,B
09:42:47,2066.00,2,B
09:42:47,2066.00,2,B
09:42:46,2066.00,1,B
09:42:46,2066.00,1,B
09:42:46,2066.00,2,B
09:42:46,2066.00,2,B
09:42:46,2066.00,5,B
09:42:46,2066.00,1,B
09:42:46,2066.00,1,B
09:42:46,2066.00,1,B
09:42:46,2066.00,1,B
09:42:46,2066.00,1,B
09:42:46,2066.10,1,M
09:42:45,2066.00,1,B
09:42:45,2066.10,2,M
09:42:45,2066.00,1,B
09:42:45,2066.00,1,B
09:42:45,2066.00,1,B
09:42:45,2066.00,1,B
09:42:45,2066.00,1,B
09:42:45,2066.00,5,B
09:42:45,2066.00,5,B
09:42:45,2066.00,1,B
09:42:45,2066.00,2,B
09:42:45,2066.00,2,B
09:42:45,2066.00,1,B
09:42:45,2066.00,1,B
09:42:45,2066.00,1,B
09:42:45,2066.00,1,B
09:42:45,2066.00,1,B
09:42:45,2066.00,1,B
09:42:45,2066.00,1,B
09:42:45,2066.00,1,B
09:42:45,2066.00,2,B
09:42:45,2066.00,1,B
09:42:45,2066.00,1,B
09:42:45,2066.00,1,B
09:42:45,2066.00,2,B
09:42:45,2066.00,1,B
09:42:45,2066.00,1,B
09:42:45,2066.00,1,B
09:42:45,2066.00,1,B
09:42:45,2066.00,1,B
09:42:45,2066.00,1,B
09:42:45,2066.00,3,B
09:42:45,2066.00,12,B
09:42:45,2066.00,1,B
09:42:45,2066.00,1,B
09:42:45,2066.00,1,B
09:42:45,2066.00,1,B
09:42:45,2066.00,2,B
09:42:45,2066.00,5,B
09:42:45,2066.00,2,B
09:42:45,2066.00,2,B
09:42:45,2066.00,2,B
09:42:45,2066.10,1,B
09:42:45,2066.10,1,B
09:42:45,2066.10,1,B
09:42:44,2066.10,2,B
09:42:44,2066.20,10,M
09:42:44,2066.10,1,B
09:42:44,2066.10,1,B
09:42:44,2066.10,1,B
09:42:44,2066.10,2,B
09:42:44,2066.10,1,B
09:42:44,2066.10,5,B
09:42:44,2066.10,1,B
09:42:44,2066.10,1,B
09:42:44,2066.10,2,B
09:42:44,2066.10,2,B
09:42:44,2066.10,1,B
09:42:44,2066.10,3,B
09:42:44,2066.10,9,B
09:42:44,2066.30,1,M
09:42:44,2066.10,1,B
09:42:44,2066.10,1,B
09:42:44,2066.10,1,B
09:42:44,2066.10,1,B
09:42:44,2066.10,2,B
09:42:44,2066.10,1,B
09:42:44,2066.20,1,B
09:42:44,2066.20,1,B
09:42:44,2066.20,2,B
09:42:44,2066.20,1,B
09:42:44,2066.20,1,B
09:42:44,2066.20,5,B
09:42:44,2066.20,1,B
09:42:44,2066.20,1,B
09:42:44,2066.20,1,B
09:42:44,2066.20,1,B
09:42:44,2066.20,2,B
09:42:44,2066.20,6,B
09:42:44,2066.30,7,B
09:42:43,2066.30,5,B
09:42:43,2066.30,18,B
09:42:43,2066.30,2,B
09:42:43,2066.30,9,B
09:42:43,2066.40,1,M
09:42:43,2066.30,1,B
09:42:43,2066.30,1,B
09:42:42,2066.40,1,M
09:42:42,2066.40,3,M
09:42:41,2066.30,1,B
09:42:41,2066.30,1,B
09:42:41,2066.30,1,B
09:42:41,2066.30,1,B
09:42:41,2066.30,1,B
09:42:41,2066.40,2,M
09:42:41,2066.40,2,B
09:42:40,2066.50,1,M
09:42:40,2066.40,1,B
09:42:39,2066.40,1,B
09:42:39,2066.40,1,B
09:42:39,2066.50,1,M
09:42:38,2066.50,1,B
09:42:38,2066.50,1,B
09:42:37,2066.40,5,B
09:42:37,2066.40,1,B
09:42:37,2066.40,16,B
09:42:37,2066.50,1,B
09:42:37,2066.50,1,B
09:42:37,2066.50,1,B
09:42:37,2066.50,1,B
09:42:37,2066.50,1,B
09:42:37,2066.50,3,B
09:42:36,2067.00,7,M
09:42:36,2067.00,1,M
09:42:36,2066.90,1,M
09:42:36,2066.90,4,M
09:42:36,2066.90,1,M
09:42:36,2066.80,1,M
09:42:36,2066.60,2,M
09:42:35,2066.50,1,B
09:42:35,2066.50,3,B
09:42:35,2066.90,1,M
09:42:34,2066.50,1,B
09:42:34,2066.50,1,B
09:42:34,2066.50,2,B
09:42:34,2066.50,2,B
09:42:34,2066.50,2,B
09:42:33,2066.50,2,B
09:42:32,2066.50,1,B
09:42:32,2066.50,2,B
09:42:32,2066.60,1,B
09:42:32,2066.70,3,B
09:42:32,2066.70,8,B
09:42:32,2066.70,1,M
09:42:32,2066.60,2,M
09:42:32,2066.50,1,B
09:42:31,2066.50,10,B
09:42:31,2066.50,5,B
09:42:31,2066.50,1,B
09:42:31,2066.50,1,B
09:42:31,2066.60,5,B
09:42:31,2066.60,1,B
09:42:31,2066.60,1,B
09:42:31,2066.60,2,B
09:42:31,2066.60,1,B
09:42:31,2066.60,1,B
09:42:31,2066.60,1,B
09:42:31,2066.60,1,B
09:42:31,2066.90,1,M
09:42:31,2066.80,4,M
09:42:31,2066.60,1,B
09:42:30,2066.60,1,B
09:42:30,2066.60,3,B
09:42:30,2066.60,1,B
09:42:30,2066.60,2,B
09:42:30,2066.60,1,B
09:42:30,2066.60,1,B
09:42:30,2066.60,4,B
09:42:29,2066.60,1,B
09:42:29,2066.60,1,B
09:42:29,2066.60,2,B
09:42:27,2066.60,3,B
09:42:27,2066.70,1,B
09:42:27,2066.70,1,B
09:42:27,2066.70,4,B
09:42:25,2067.00,1,M
09:42:25,2066.70,1,B
09:42:25,2066.70,2,B
09:42:25,2066.80,1,B
09:42:25,2066.90,1,B
09:42:24,2066.90,1,B
09:42:21,2066.80,1,B
09:42:20,2066.80,2,B
09:42:20,2066.80,8,B
09:42:20,2067.10,1,M
09:42:19,2066.80,4,B
09:42:18,2067.10,1,M
09:42:17,2067.00,1,M
09:42:17,2067.00,1,M
09:42:17,2067.00,2,M
09:42:17,2067.00,4,M
09:42:17,2067.00,1,M
09:42:16,2067.00,1,M
09:42:16,2066.90,1,M
09:42:16,2066.80,1,B
09:42:15,2066.80,4,B
09:42:15,2066.80,1,B
09:42:14,2066.80,1,B
09:42:14,2066.80,1,B
09:42:14,2066.80,1,B
09:42:13,2066.80,1,B
09:42:13,2066.80,1,B
09:42:12,2066.70,1,B
09:42:12,2066.70,1,B
09:42:12,2066.70,1,B
09:42:12,2066.70,1,B
09:42:12,2066.70,9,B
09:42:12,2066.80,1,B
09:42:12,2066.80,1,B
09:42:10,2067.00,1,M
09:42:10,2066.80,1,B
09:42:10,2066.80,1,B
09:42:09,2066.80,1,B
09:42:09,2067.00,1,B
09:42:09,2067.10,2,M
09:42:09,2067.10,2,M
09:42:08,2066.80,1,B
09:42:08,2066.90,1,B
09:42:08,2066.90,1,M
09:42:08,2066.80,1,B
09:42:08,2066.80,5,B
09:42:08,2067.00,1,B
09:42:07,2066.80,1,B
09:42:07,2066.80,1,B
09:42:06,2067.10,1,M
09:42:06,2067.10,2,M
09:42:06,2067.10,1,M
09:42:06,2067.10,2,M
09:42:06,2067.10,2,M
09:42:06,2067.10,2,M
09:42:06,2066.80,1,B
09:42:06,2066.80,1,B
09:42:06,2066.90,2,B
09:42:06,2067.00,1,B
09:42:06,2067.00,3,B
09:42:05,2067.00,3,B
09:42:04,2067.10,1,M
09:42:03,2067.00,1,B
09:42:03,2067.00,2,B
09:42:02,2067.00,1,B
09:42:02,2067.00,1,B
09:42:02,2067.10,2,M
09:42:01,2067.00,1,M
09:42:01,2067.00,20,M
09:42:01,2067.00,5,M
09:42:01,2066.90,2,M
09:42:01,2066.90,1,M
09:42:00,2066.90,1,B
09:42:00,2066.90,2,B
09:42:00,2067.00,1,B
09:42:00,2067.00,1,B
09:42:00,2067.00,5,B
09:42:00,2067.00,2,B
09:42:00,2067.00,1,B
09:42:00,2067.00,1,B
09:42:00,2067.00,1,B
09:42:00,2067.00,3,B
09:42:00,2067.00,2,B
09:42:00,2067.00,18,B
09:41:59,2067.00,20,B
09:41:59,2067.00,12,B
09:41:59,2067.00,2,B
09:41:59,2067.00,2,B
09:41:59,2067.00,4,B
09:41:59,2067.10,1,M
09:41:59,2067.00,2,B
09:41:59,2067.10,1,B
09:41:59,2067.10,1,B
09:41:59,2067.10,1,B
09:41:59,2067.10,1,B
09:41:59,2067.10,1,B
09:41:59,2067.10,2,B
09:41:58,2067.10,2,B
09:41:58,2067.10,2,B
09:41:58,2067.00,3,B
09:41:58,2067.10,2,B
09:41:58,2067.10,1,B
09:41:58,2067.10,1,B
09:41:58,2067.10,2,B
09:41:58,2067.10,1,B
09:41:58,2067.10,2,B
09:41:58,2067.20,1,B
09:41:58,2067.20,5,B
09:41:58,2067.20,2,B
09:41:58,2067.70,8,M
09:41:58,2067.60,1,M
09:41:58,2067.60,1,M
09:41:58,2067.20,20,B
09:41:58,2067.20,7,B
09:41:58,2067.30,1,B
09:41:58,2067.30,3,B
09:41:57,2067.70,5,M
09:41:57,2067.60,1,M
09:41:57,2067.60,5,M
09:41:57,2067.50,1,M
09:41:57,2067.50,5,M
09:41:56,2067.60,5,M
09:41:56,2067.60,1,M
09:41:56,2067.60,1,M
09:41:56,2067.50,1,M
09:41:56,2067.50,2,M
09:41:55,2067.50,1,M
09:41:55,2067.50,1,M
09:41:53,2067.30,1,B
09:41:52,2067.30,1,B
09:41:51,2067.30,1,M
09:41:51,2067.20,1,B
09:41:51,2067.30,4,M
09:41:51,2067.30,5,M
09:41:51,2067.30,4,M
09:41:50,2067.30,1,B
09:41:50,2067.60,1,M
09:41:50,2067.30,1,B
09:41:50,2067.30,1,B
09:41:50,2067.60,1,M
09:41:47,2067.30,8,B
09:41:47,2067.40,1,B
09:41:46,2067.30,1,B
09:41:46,2067.60,10,M
09:41:45,2067.20,1,B
09:41:42,2067.60,5,M
09:41:42,2067.20,4,B
09:41:42,2067.40,1,B
09:41:42,2067.30,1,B
09:41:42,2067.40,1,B
09:41:42,2067.40,9,B
09:41:41,2067.60,3,M
09:41:41,2067.40,1,B
09:41:41,2067.40,1,B
09:41:41,2067.60,1,M
09:41:40,2067.40,1,B
09:41:40,2067.70,1,M
09:41:40,2067.70,1,M
09:41:39,2067.70,2,M
09:41:39,2067.70,1,M
09:41:39,2067.70,2,M
09:41:39,2067.70,1,M
09:41:39,2067.70,1,M
09:41:39,2067.70,1,M
09:41:39,2067.70,1,M
09:41:39,2067.70,1,M
09:41:39,2067.40,2,B
09:41:38,2067.80,2,M
09:41:38,2067.70,1,B
09:41:38,2067.80,1,M
09:41:38,2067.80,1,M
09:41:38,2067.80,2,M
09:41:38,2067.80,1,M
09:41:37,2067.70,1,B
09:41:37,2067.70,1,M
09:41:37,2067.70,1,M
09:41:37,2067.70,5,M
09:41:36,2067.70,1,M
09:41:36,2067.70,2,M
09:41:36,2067.70,1,M
09:41:36,2067.70,1,M
09:41:36,2067.70,1,M
09:41:36,2067.70,1,M
09:41:36,2067.70,1,M
09:41:36,2067.70,1,M
09:41:36,2067.70,10,M
09:41:36,2067.60,1,M
09:41:36,2067.60,1,M
09:41:36,2067.60,1,M
09:41:36,2067.70,1,M
09:41:36,2067.70,1,M
09:41:36,2067.70,1,M
09:41:36,2067.70,1,M
09:41:36,2067.70,1,M
09:41:36,2067.70,1,M
09:41:36,2067.70,2,M
09:41:36,2067.60,1,M
09:41:36,2067.60,4,M
09:41:36,2067.60,2,M
09:41:36,2067.50,1,M
09:41:36,2067.50,1,M
09:41:36,2067.50,2,M
09:41:36,2067.30,1,M
09:41:36,2067.30,1,M
09:41:36,2067.20,1,M
09:41:36,2067.20,44,M
09:41:35,2067.20,5,M
09:41:35,2067.20,1,M
09:41:35,2067.10,1,M
09:41:35,2067.10,1,M
09:41:35,2067.10,2,M
09:41:35,2067.10,2,M
09:41:35,2067.10,1,M
09:41:35,2067.10,1,M
09:41:35,2067.10,4,M
09:41:34,2067.10,2,M
09:41:34,2067.10,1,M
09:41:34,2067.10,1,M
09:41:34,2067.10,1,M
09:41:34,2067.10,1,M
09:41:33,2067.10,1,M
09:41:32,2067.00,1,B
09:41:32,2067.10,1,M
09:41:32,2067.10,1,M
09:41:32,2067.10,1,M
09:41:32,2067.10,1,M
09:41:32,2067.10,1,M
09:41:32,2067.10,1,M
09:41:32,2067.10,1,M
09:41:32,2067.10,1,M
09:41:31,2067.10,1,M
09:41:31,2067.00,4,M
09:41:31,2067.00,1,M
09:41:31,2067.00,1,M
09:41:31,2067.00,2,M
09:41:31,2067.00,9,M
09:41:31,2067.00,10,M
09:41:31,2067.00,1,M
09:41:31,2067.00,10,M
09:41:31,2066.80,1,B
09:41:31,2067.00,1,M
09:41:31,2067.00,1,M
09:41:31,2067.00,1,M
09:41:31,2067.00,1,M
09:41:31,2067.00,1,M
09:41:31,2067.00,2,M
09:41:31,2067.00,1,M
09:41:31,2067.00,1,M
09:41:30,2067.00,1,M
09:41:30,2067.00,1,M
09:41:30,2067.00,1,M
09:41:30,2067.00,1,M
09:41:30,2067.00,1,M
09:41:30,2066.70,3,B
09:41:30,2066.70,1,B
09:41:30,2066.70,1,B
09:41:29,2067.00,1,M
09:41:29,2067.00,1,M
09:41:29,2067.00,1,M
09:41:29,2067.00,1,M
09:41:29,2067.00,1,M
09:41:29,2066.70,2,B
09:41:28,2067.00,1,M
09:41:27,2066.70,2,B
09:41:27,2067.00,1,M
09:41:27,2067.00,1,M
09:41:27,2067.00,1,M
09:41:27,2067.00,1,M
09:41:26,2067.00,1,M
09:41:26,2067.00,1,M
09:41:26,2066.70,5,B
09:41:26,2066.70,1,B
09:41:26,2066.70,1,B
09:41:26,2066.70,1,B
09:41:26,2066.70,7,B
09:41:26,2066.90,1,B
09:41:26,2067.00,1,M
09:41:24,2066.70,1,B
09:41:22,2066.70,2,B
09:41:21,2066.90,2,B
09:41:21,2066.90,6,B
09:41:20,2066.90,1,M
09:41:20,2066.90,1,M
09:41:20,2066.70,1,B
09:41:18,2066.70,2,B
09:41:17,2066.70,3,B
09:41:16,2067.00,1,M
09:41:15,2067.00,1,M
09:41:14,2067.00,1,M
09:41:12,2067.00,1,M
09:41:11,2067.00,1,M
09:41:11,2066.80,1,B
09:41:11,2067.00,1,M
09:41:11,2067.00,1,M
09:41:10,2067.00,1,M
09:41:10,2067.00,1,M
09:41:10,2067.00,1,M
09:41:10,2066.90,1,M
09:41:10,2066.90,1,M
09:41:07,2067.00,1,M
09:41:07,2067.00,1,M
09:41:07,2066.60,7,B
09:41:07,2066.60,1,B
09:41:06,2066.70,1,B
09:41:06,2066.80,1,B
09:41:06,2066.80,6,B
09:41:06,2067.00,15,M
09:41:06,2066.60,7,B
09:41:06,2066.70,1,B
09:41:06,2066.70,1,B
09:41:06,2066.70,6,B
09:41:06,2067.00,2,M
09:41:05,2067.00,2,M
09:41:04,2067.00,2,M
09:41:04,2066.70,4,B
09:41:04,2066.70,5,B
09:41:04,2066.80,4,B
09:41:04,2066.80,1,B
09:41:03,2067.00,8,M
09:41:03,2066.90,1,M
09:41:03,2066.80,1,M
09:41:03,2066.70,1,B
09:41:02,2066.80,2,M
09:41:02,2066.70,1,B
09:41:02,2066.70,1,B
09:41:01,2066.70,1,B
09:41:01,2066.80,1,M
09:41:01,2066.70,2,B
09:41:01,2066.80,4,M
09:41:01,2066.80,1,M
09:40:59,2066.80,1,M
09:40:58,2066.70,1,B
09:40:58,2066.70,1,B
09:40:57,2067.00,1,M
09:40:57,2066.70,1,B
09:40:57,2066.70,8,B
09:40:57,2066.80,1,B
09:40:57,2066.80,1,B
09:40:55,2066.80,1,B
09:40:52,2067.00,5,M
09:40:52,2067.00,1,M
09:40:52,2067.00,1,M
09:40:52,2067.00,5,M
09:40:52,2067.00,1,M
09:40:51,2066.90,1,B
09:40:51,2067.10,1,M
09:40:50,2067.00,4,B
09:40:50,2067.00,2,B
09:40:50,2067.00,6,B
09:40:50,2067.00,10,B
09:40:50,2067.00,1,B
09:40:50,2067.00,1,B
09:40:50,2067.00,2,B
09:40:50,2067.00,2,B
09:40:50,2067.00,1,B
09:40:50,2067.00,2,B
09:40:50,2067.00,4,B
09:40:50,2067.00,5,B
09:40:50,2067.00,1,B
09:40:50,2067.00,1,B
09:40:50,2067.00,1,B
09:40:50,2067.00,1,B
09:40:50,2067.00,1,B
09:40:50,2067.00,1,B
09:40:50,2067.00,2,B
09:40:50,2067.00,43,B
09:40:50,2067.00,1,B
09:40:50,2067.10,1,B
09:40:50,2067.10,1,B
09:40:50,2067.20,1,B
09:40:50,2067.20,3,B
09:40:50,2067.20,1,B
09:40:50,2067.20,1,B
09:40:50,2067.20,1,B
09:40:50,2067.20,1,B
09:40:50,2067.20,2,B
09:40:50,2067.20,1,B
09:40:50,2067.20,1,B
09:40:50,2067.20,1,B
09:40:50,2067.30,1,B
09:40:50,2067.30,1,B
09:40:50,2067.30,1,B
09:40:50,2067.30,1,B
09:40:50,2067.30,1,B
09:40:50,2067.30,1,B
09:40:50,2067.30,2,B
09:40:50,2067.30,1,B
09:40:49,2067.50,1,B
09:40:49,2067.50,1,B
09:40:49,2067.50,12,B
09:40:48,2067.50,45,B
09:40:48,2067.50,1,B
09:40:48,2067.50,4,B
09:40:48,2067.50,2,B
09:40:47,2067.50,1,B
09:40:45,2067.60,1,M
09:40:45,2067.60,1,M
09:40:45,2067.60,6,M
09:40:43,2067.60,2,M
09:40:43,2067.50,1,B
09:40:43,2067.60,1,M
09:40:43,2067.60,3,M
09:40:43,2067.60,5,M
09:40:42,2067.60,2,M
09:40:42,2067.60,3,M
09:40:41,2067.60,1,M
09:40:41,2067.50,1,M
09:40:40,2067.60,1,M
09:40:39,2067.50,1,M
09:40:39,2067.30,2,B
09:40:39,2067.40,1,B
09:40:39,2067.50,1,M
09:40:39,2067.50,1,M
09:40:39,2067.50,3,M
09:40:38,2067.50,1,M
09:40:38,2067.50,3,M
09:40:38,2067.40,7,M
09:40:38,2067.30,4,B
09:40:38,2067.30,4,B
09:40:37,2067.40,1,M
09:40:37,2067.40,1,M
09:40:37,2067.30,1,B
09:40:37,2067.40,1,M
09:40:36,2067.30,2,M
09:40:34,2067.20,2,M
09:40:34,2067.20,2,M
09:40:34,2067.20,1,M
09:40:34,2067.10,1,B
09:40:34,2067.20,1,M
09:40:34,2067.10,1,B
09:40:34,2067.20,2,M
09:40:33,2067.20,1,M
09:40:33,2067.20,1,M
09:40:33,2067.20,1,M
09:40:33,2067.20,1,M
09:40:33,2067.20,1,M
09:40:33,2067.20,1,M
09:40:33,2067.10,5,B
09:40:33,2067.10,1,M
09:40:33,2067.00,2,B
09:40:31,2067.00,10,B
09:40:31,2067.10,1,B
09:40:30,2067.10,1,M
09:40:29,2066.90,1,B
09:40:29,2066.90,1,B
09:40:28,2067.00,1,B
09:40:28,2066.90,8,B
09:40:27,2067.10,1,M
09:40:27,2067.00,1,M
09:40:27,2066.90,7,B
09:40:27,2067.10,1,M
09:40:27,2066.90,1,B
09:40:27,2066.90,1,B
09:40:27,2067.00,1,B
09:40:27,2067.10,1,M
09:40:26,2067.00,5,B
09:40:26,2067.10,1,M
09:40:26,2067.20,1,M
09:40:25,2067.20,1,M
09:40:24,2067.20,1,M
09:40:24,2067.20,1,M
09:40:24,2067.20,1,M
09:40:24,2067.20,1,M
09:40:24,2067.20,1,M
09:40:24,2067.20,1,M
09:40:24,2067.20,1,M
09:40:24,2066.80,1,B
09:40:24,2067.20,1,M
09:40:23,2067.10,1,M
09:40:23,2066.60,2,B
09:40:23,2066.60,13,B
09:40:23,2066.60,1,B
09:40:23,2066.60,1,B
09:40:23,2066.60,1,B
09:40:23,2066.60,2,B
09:40:23,2066.70,2,B
09:40:23,2066.70,4,B
09:40:23,2066.90,1,B
09:40:23,2067.00,1,B
09:40:23,2067.00,1,B
09:40:23,2067.00,1,B
09:40:23,2067.00,5,B
09:40:23,2067.10,1,B
09:40:23,2067.10,1,B
09:40:23,2067.10,1,B
09:40:23,2067.10,10,B
09:40:23,2067.10,2,B
09:40:23,2067.50,15,M
09:40:23,2067.50,1,M
09:40:23,2067.50,1,M
09:40:21,2067.50,1,M
09:40:21,2067.50,1,M
09:40:21,2067.50,4,M
09:40:21,2067.50,1,M
09:40:21,2067.40,1,M
09:40:21,2067.40,1,M
09:40:21,2067.10,1,B
09:40:21,2067.10,1,B
09:40:21,2067.10,1,B
09:40:21,2067.10,1,B
09:40:21,2067.10,10,B
09:40:21,2067.10,1,B
09:40:21,2067.10,35,B
09:40:20,2067.40,1,M
09:40:20,2067.40,1,M
09:40:20,2067.10,4,B
09:40:20,2067.20,1,M
09:40:20,2067.20,1,M
09:40:20,2067.20,1,M
09:40:20,2067.10,1,B
09:40:19,2067.10,4,B
09:40:19,2067.10,2,M
09:40:19,2067.10,2,M
09:40:19,2067.10,3,M
09:40:19,2067.10,3,M
09:40:19,2067.10,1,M
09:40:19,2067.10,1,M
09:40:19,2067.10,1,M
09:40:19,2067.10,1,M
09:40:19,2067.10,1,M
09:40:19,2067.10,5,M
09:40:19,2067.10,1,M
09:40:19,2067.10,3,M
09:40:19,2067.10,5,M
09:40:19,2067.10,3,M
09:40:19,2067.10,1,M
09:40:19,2067.10,2,M
09:40:19,2067.10,1,M
09:40:19,2067.00,1,B
09:40:19,2066.70,10,B
09:40:19,2066.70,11,B
09:40:19,2066.80,1,B
09:40:19,2066.80,25,B
09:40:19,2067.00,3,B
09:40:19,2067.10,1,M
09:40:19,2067.10,2,M
09:40:18,2067.00,1,B
09:40:18,2067.10,1,M
09:40:18,2067.00,1,M
09:40:18,2067.00,1,M
09:40:18,2067.00,12,M
09:40:18,2067.00,1,M
09:40:18,2067.00,2,M
09:40:17,2067.00,2,M
09:40:17,2067.00,1,M
09:40:17,2067.00,1,M
09:40:17,2067.00,1,M
09:40:17,2066.90,5,M
09:40:17,2066.90,2,M
09:40:17,2067.00,2,M
09:40:16,2067.00,1,M
09:40:16,2066.80,1,B
09:40:16,2067.00,20,M
09:40:15,2067.00,24,M
09:40:15,2066.70,26,M
09:40:15,2067.00,5,M
09:40:15,2066.90,1,M
09:40:15,2066.90,5,M
09:40:15,2066.90,15,M
09:40:15,2066.60,1,B
09:40:13,2066.60,2,B
09:40:13,2067.00,8,M
09:40:13,2066.90,1,M
09:40:13,2066.90,1,M
09:40:13,2066.90,1,M
09:40:13,2066.90,2,M
09:40:12,2066.90,1,M
09:40:12,2066.90,2,M
09:40:12,2066.70,1,B
09:40:12,2066.70,1,B
09:40:12,2066.60,3,M
09:40:12,2066.40,4,B
09:40:12,2066.40,1,B
09:40:12,2066.50,1,B
09:40:12,2066.50,1,B
09:40:12,2066.50,1,B
09:40:12,2066.50,1,B
09:40:12,2066.50,1,B
09:40:12,2066.50,20,B
09:40:12,2066.50,5,B
09:40:12,2066.50,1,B
09:40:12,2066.60,1,B
09:40:12,2066.50,4,B
09:40:12,2066.50,1,B
09:40:12,2066.50,1,B
09:40:12,2066.50,1,B
09:40:12,2066.50,1,B
09:40:12,2066.50,5,B
09:40:12,2066.50,1,B
09:40:12,2066.60,1,B
09:40:12,2066.60,2,B
09:40:12,2066.60,3,B
09:40:12,2066.60,3,B
09:40:12,2066.60,1,B
09:40:12,2066.60,2,B
09:40:12,2066.60,1,B
09:40:12,2066.60,1,B
09:40:12,2066.60,1,B
09:40:12,2066.60,1,B
09:40:12,2066.60,1,B
09:40:12,2066.60,1,B
09:40:12,2066.60,1,B
09:40:12,2066.60,1,B
09:40:12,2066.60,4,B
09:40:12,2066.60,5,B
09:40:12,2066.60,1,B
09:40:12,2066.60,1,B
09:40:12,2066.60,4,B
09:40:12,2066.60,1,B
09:40:12,2067.00,2,M
09:40:12,2066.80,3,B
09:40:11,2067.00,10,M
09:40:10,2067.00,5,M
09:40:10,2066.90,1,M
09:40:10,2066.90,1,M
09:40:10,2066.90,1,M
09:40:10,2066.80,2,M
09:40:10,2066.60,1,B
09:40:10,2066.80,1,M
09:40:10,2066.60,3,B
09:40:10,2066.60,3,B
09:40:10,2066.60,1,B
09:40:10,2066.60,10,B
09:40:10,2066.60,1,B
09:40:10,2066.60,2,B
09:40:10,2066.60,2,B
09:40:10,2066.80,2,M
09:40:10,2066.60,1,B
09:40:09,2066.60,1,B
09:40:09,2066.60,2,B
09:40:09,2067.00,5,M
09:40:09,2067.00,3,M
09:40:09,2066.90,1,M
09:40:09,2066.90,1,M
09:40:09,2066.60,1,B
09:40:09,2066.60,2,B
09:40:08,2067.00,1,M
09:40:08,2067.00,4,M
09:40:08,2066.90,1,M
09:40:08,2066.60,8,B
09:40:08,2066.60,1,B
09:40:08,2066.60,2,B
09:40:08,2066.60,11,B
09:40:08,2066.60,6,B
09:40:07,2066.60,8,B
09:40:07,2067.00,7,M
09:40:07,2066.90,3,M
09:40:07,2066.80,1,B
09:40:07,2066.60,3,B
09:40:07,2066.60,2,B
09:40:07,2066.60,31,B
09:40:07,2066.80,1,B
09:40:07,2066.80,1,B
09:40:07,2067.00,2,M
09:40:07,2066.60,1,B
09:40:07,2066.60,1,B
09:40:07,2066.60,1,B
09:40:07,2067.00,1,M
09:40:07,2067.00,17,M
09:40:07,2067.00,1,M
09:40:07,2067.00,2,M
09:40:07,2067.00,1,M
09:40:07,2067.00,29,M
09:40:07,2066.60,5,B
09:40:07,2066.60,11,B
09:40:07,2066.70,1,B
09:40:07,2066.70,10,B
09:40:07,2066.70,2,B
09:40:07,2066.70,1,B
09:40:07,2066.70,2,B
09:40:07,2066.70,1,B
09:40:07,2066.80,1,B
09:40:07,2066.80,12,B
09:40:07,2066.80,1,B
09:40:07,2066.80,1,B
09:40:07,2066.80,1,B
09:40:07,2066.80,4,B
09:40:06,2066.80,1,B
09:40:06,2066.80,1,B
09:40:06,2067.00,1,M
09:40:06,2066.80,1,B
09:40:06,2067.00,9,M
09:40:06,2066.80,1,B
09:40:06,2066.80,2,B
09:40:05,2066.80,1,B
09:40:05,2067.00,1,M
09:40:05,2066.80,15,B
09:40:05,2066.80,2,B
09:40:05,2066.80,1,B
09:40:04,2066.80,1,B
09:40:04,2066.80,1,B
09:40:04,2066.70,3,B
09:40:03,2066.70,1,B
09:40:03,2066.70,1,B
09:40:03,2066.80,1,B
09:40:03,2066.80,1,B
09:40:03,2066.80,1,B
09:40:03,2066.70,8,B
09:40:03,2066.70,6,B
09:40:03,2067.00,2,M
09:40:03,2066.80,1,M
09:40:03,2066.70,3,B
09:40:03,2066.80,1,B
09:40:03,2067.00,1,M
09:40:03,2067.00,50,M
09:40:02,2066.70,5,B
09:40:02,2066.80,1,B
09:40:02,2067.00,2,M
09:40:02,2066.70,13,B
09:40:02,2066.70,2,B
09:40:02,2066.70,3,B
09:40:02,2066.70,1,B
09:40:02,2067.00,2,M
09:40:02,2067.00,1,M
09:40:02,2066.70,1,B
09:40:02,2066.70,2,B
09:40:02,2066.70,2,B
09:40:02,2066.70,1,B
09:40:02,2066.80,1,B
09:40:02,2066.80,1,B
09:40:02,2066.80,5,B
09:40:02,2066.80,4,B
09:40:01,2066.80,6,B
09:40:01,2066.80,6,B
09:40:01,2066.80,6,B
09:40:01,2066.80,20,B
09:40:01,2066.90,5,B
09:40:01,2066.80,3,B
09:40:01,2066.80,4,B
09:40:01,2066.80,2,B
09:40:01,2066.80,2,B
09:40:01,2066.80,4,B
09:40:01,2066.80,6,B
09:40:01,2066.80,5,B
09:40:01,2066.80,1,B
09:40:01,2066.80,3,B
09:40:01,2066.80,3,B
09:40:01,2066.80,6,B
09:40:01,2066.80,3,B
09:40:01,2066.80,6,B
09:40:01,2066.80,6,B
09:40:01,2067.00,1,M
09:40:00,2067.00,1,M
09:40:00,2066.80,1,B
09:40:00,2066.80,1,B
09:40:00,2066.90,1,B
09:40:00,2066.80,5,B
09:40:00,2066.90,1,B
09:40:00,2066.90,1,B
09:40:00,2066.90,9,B
09:40:00,2067.00,1,M
09:40:00,2066.90,1,B
09:40:00,2066.90,1,B
09:40:00,2066.90,1,B
09:40:00,2066.90,1,B
09:40:00,2066.90,5,B
09:40:00,2066.90,20,B
09:40:00,2066.90,12,B
09:40:00,2066.90,18,B
09:40:00,2066.90,11,B
09:39:59,2066.90,20,B
09:39:59,2066.90,1,B
09:39:59,2067.00,1,M
09:39:59,2067.00,2,B
09:39:59,2067.00,3,B
09:39:59,2067.00,1,B
09:39:59,2067.00,11,B
09:39:59,2067.00,1,B
09:39:59,2067.00,8,B
09:39:59,2067.00,1,B
09:39:59,2067.00,20,B
09:39:59,2067.00,1,B
09:39:59,2067.00,5,B
09:39:59,2067.00,10,B
09:39:59,2067.00,5,B
09:39:59,2067.00,1,B
09:39:59,2067.00,1,B
09:39:59,2067.00,3,B
09:39:59,2067.00,5,B
09:39:59,2067.00,1,B
09:39:59,2067.00,19,B
09:39:59,2067.00,80,B
09:39:58,2067.00,13,B
09:39:58,2067.00,19,B
09:39:58,2067.00,1,B
09:39:58,2067.00,6,B
09:39:57,2067.10,1,M
09:39:57,2067.10,2,M
09:39:57,2067.00,1,B
09:39:56,2067.10,1,M
09:39:56,2067.00,4,B
09:39:56,2067.10,1,M
09:39:56,2067.10,1,M
09:39:56,2067.00,4,B
09:39:56,2067.10,1,B
09:39:56,2067.10,1,B
09:39:55,2067.20,1,M
09:39:55,2067.00,4,B
09:39:55,2067.10,5,B
09:39:55,2067.00,1,B
09:39:55,2067.30,1,M
09:39:55,2067.30,27,M
09:39:55,2067.20,2,M
09:39:55,2067.20,1,M
09:39:55,2067.10,1,B
09:39:54,2067.00,68,B
09:39:54,2067.00,1,B
09:39:54,2067.00,26,B
09:39:54,2067.10,1,B
09:39:54,2067.10,20,B
09:39:54,2067.10,1,B
09:39:54,2067.10,3,B
09:39:54,2067.10,1,B
09:39:54,2067.10,1,B
09:39:54,2067.10,2,B
09:39:54,2067.10,8,B
09:39:54,2067.10,10,B
09:39:54,2067.10,1,B
09:39:54,2067.10,1,B
09:39:54,2067.10,3,B
09:39:54,2067.20,1,B
09:39:54,2067.20,1,B
09:39:54,2067.30,50,M
09:39:52,2067.20,1,M
09:39:52,2067.20,1,M
09:39:52,2067.20,1,M
09:39:52,2067.20,1,M
09:39:52,2067.20,1,M
09:39:52,2067.20,1,M
09:39:52,2067.10,1,B
09:39:52,2067.10,2,B
09:39:52,2067.20,1,M
09:39:51,2067.20,1,M
09:39:51,2067.20,1,B
09:39:51,2067.20,1,B
09:39:50,2067.30,1,M
09:39:50,2067.30,20,M
09:39:50,2067.30,20,M
09:39:50,2067.30,1,M
09:39:50,2067.30,20,M
09:39:50,2067.30,1,M
09:39:50,2067.20,1,B
09:39:49,2067.30,2,B
09:39:49,2067.30,1,B
09:39:49,2067.30,2,B
09:39:49,2067.30,1,B
09:39:49,2067.30,1,B
09:39:49,2067.30,1,B
09:39:49,2067.50,2,M
09:39:49,2067.30,3,B
09:39:49,2067.50,1,M
09:39:48,2067.50,14,M
09:39:48,2067.50,2,M
09:39:48,2067.40,1,M
09:39:48,2067.40,11,M
09:39:48,2067.30,2,M
09:39:48,2067.30,9,M
09:39:48,2067.30,1,M
09:39:48,2067.20,1,B
09:39:48,2067.20,1,B
09:39:47,2067.30,2,B
09:39:47,2067.10,13,B
09:39:47,2067.20,1,B
09:39:47,2067.40,11,B
09:39:47,2067.40,1,B
09:39:47,2067.40,35,M
09:39:47,2067.40,2,M
09:39:47,2067.40,1,M
09:39:47,2067.10,2,B
09:39:47,2067.10,3,B
09:39:47,2067.10,19,B
09:39:47,2067.10,1,B
09:39:47,2067.10,1,B
09:39:47,2067.20,1,B
09:39:47,2067.20,1,B
09:39:47,2067.40,1,M
09:39:46,2067.30,15,B
09:39:46,2067.30,1,B
09:39:46,2067.40,1,M
09:39:46,2067.30,1,B
09:39:46,2067.30,13,M
09:39:46,2067.00,1,B
09:39:46,2067.00,1,B
09:39:45,2067.00,12,B
09:39:45,2067.00,1,B
09:39:45,2067.00,5,B
09:39:45,2067.00,2,B
09:39:45,2067.00,2,B
09:39:45,2067.00,1,B
09:39:45,2067.00,1,B
09:39:45,2067.00,6,B
09:39:45,2067.00,1,B
09:39:45,2067.00,1,B
09:39:45,2067.00,5,B
09:39:45,2067.00,1,B
09:39:45,2067.00,1,B
09:39:45,2067.00,1,B
09:39:45,2067.00,4,B
09:39:45,2067.00,1,B
09:39:45,2067.00,1,B
09:39:45,2067.00,1,B
09:39:45,2067.00,2,B
09:39:45,2067.00,1,B
09:39:45,2067.00,2,B
09:39:45,2067.00,5,B
09:39:45,2067.00,1,B
09:39:45,2067.00,1,B
09:39:45,2067.00,1,B
09:39:45,2067.00,2,B
09:39:45,2067.00,1,B
09:39:45,2067.00,1,B
09:39:45,2067.00,1,B
09:39:45,2067.00,1,B
09:39:45,2067.00,5,B
09:39:45,2067.00,1,B
09:39:45,2067.00,2,B
09:39:45,2067.20,2,B
09:39:45,2067.20,2,B
09:39:45,2067.30,27,M
09:39:45,2067.30,8,M
09:39:45,2067.00,2,B
09:39:45,2067.00,1,B
09:39:45,2067.00,1,B
09:39:45,2067.00,1,B
09:39:45,2067.00,1,B
09:39:45,2067.00,1,B
09:39:45,2067.00,7,B
09:39:45,2067.00,1,B
09:39:45,2067.00,5,B
09:39:45,2067.00,2,B
09:39:45,2067.00,2,B
09:39:45,2067.00,1,B
09:39:45,2067.00,1,B
09:39:45,2067.00,1,B
09:39:45,2067.10,2,B
09:39:45,2067.10,5,B
09:39:45,2067.10,1,B
09:39:45,2067.10,3,B
09:39:44,2067.30,1,M
09:39:44,2067.10,1,B
09:39:44,2067.10,1,B
09:39:44,2067.10,2,B
09:39:44,2067.10,3,B
09:39:44,2067.10,5,B
09:39:44,2067.10,1,B
09:39:44,2067.10,4,B
09:39:44,2067.10,1,B
09:39:44,2067.10,2,B
09:39:44,2067.10,5,B
09:39:44,2067.10,1,B
09:39:44,2067.10,10,B
09:39:44,2067.10,1,B
09:39:44,2067.10,1,B
09:39:44,2067.10,1,B
09:39:44,2067.10,10,B
09:39:44,2067.10,2,B
09:39:44,2067.10,1,B
09:39:44,2067.10,2,B
09:39:44,2067.10,2,B
09:39:44,2067.10,2,B
09:39:44,2067.10,1,B
09:39:44,2067.20,2,B
09:39:44,2067.20,15,B
09:39:44,2067.20,5,B
09:39:44,2067.20,10,B
09:39:44,2067.20,5,B
09:39:44,2067.20,5,B
09:39:44,2067.30,1,B
09:39:43,2067.40,28,B
09:39:43,2067.40,1,B
09:39:43,2067.40,2,B
09:39:43,2067.40,1,B
09:39:43,2067.40,2,M
09:39:43,2067.40,11,M
09:39:43,2067.30,5,M
09:39:43,2067.20,1,B
09:39:43,2067.20,10,B
09:39:43,2067.20,1,B
09:39:43,2067.20,2,B
09:39:43,2067.20,1,B
09:39:43,2067.20,1,B
09:39:43,2067.20,1,B
09:39:43,2067.20,17,B
09:39:42,2067.40,5,B
09:39:42,2067.40,5,B
09:39:41,2067.40,2,B
09:39:41,2067.40,6,B
09:39:41,2067.40,1,B
09:39:41,2067.40,1,B
09:39:41,2067.20,13,B
09:39:41,2067.20,1,B
09:39:41,2067.20,1,B
09:39:41,2067.30,2,B
09:39:41,2067.30,11,B
09:39:41,2067.30,5,B
09:39:41,2067.30,1,B
09:39:41,2067.30,5,B
09:39:41,2067.40,1,B
09:39:41,2067.30,1,B
09:39:40,2067.50,1,M
09:39:40,2067.40,1,M
09:39:40,2067.30,1,B
09:39:40,2067.30,1,B
09:39:40,2067.30,2,B
09:39:40,2067.30,1,B
09:39:39,2067.50,1,M
09:39:39,2067.30,1,B
09:39:39,2067.30,1,B
09:39:39,2067.30,1,B
09:39:39,2067.40,1,B
09:39:39,2067.40,1,B
09:39:39,2067.40,1,B
09:39:39,2067.40,34,B
09:39:39,2067.40,1,B
09:39:39,2067.40,1,B
09:39:39,2067.40,2,B
09:39:39,2067.40,1,B
09:39:38,2067.40,1,B
09:39:38,2067.50,3,M
09:39:38,2067.50,1,M
09:39:38,2067.40,1,B
09:39:38,2067.40,1,B
09:39:38,2067.40,1,B
09:39:38,2067.50,3,M
09:39:38,2067.50,11,M
09:39:37,2067.50,9,B
09:39:37,2067.60,3,M
09:39:37,2067.50,5,B
09:39:37,2067.50,6,B
09:39:37,2067.40,2,B
09:39:37,2067.40,5,B
09:39:37,2067.50,8,B
09:39:37,2067.50,20,B
09:39:37,2067.50,1,B
09:39:37,2067.50,1,B
09:39:37,2067.50,3,B
09:39:37,2067.50,1,B
09:39:37,2067.50,1,B
09:39:37,2067.60,1,M
09:39:37,2067.60,1,M
09:39:37,2067.50,1,B
09:39:37,2067.50,2,B
09:39:37,2067.50,1,B
09:39:36,2067.50,1,B
09:39:36,2067.50,2,B
09:39:36,2067.60,1,B
09:39:36,2067.70,1,M
09:39:36,2067.50,1,B
09:39:35,2067.50,10,B
09:39:35,2067.50,3,B
09:39:35,2067.50,1,B
09:39:35,2067.50,2,B
09:39:35,2067.50,1,B
09:39:35,2067.50,1,B
09:39:35,2067.50,1,B
09:39:35,2067.50,2,B
09:39:35,2067.50,17,B
09:39:35,2067.50,1,B
09:39:35,2067.50,2,B
09:39:35,2067.50,1,B
09:39:35,2067.50,3,B
09:39:35,2067.50,5,B
09:39:35,2067.50,21,B
09:39:35,2067.60,20,B
09:39:35,2067.60,9,B
09:39:35,2067.60,2,B
09:39:34,2067.60,2,B
09:39:34,2067.80,10,M
09:39:34,2067.60,5,B
09:39:34,2067.70,1,B
09:39:34,2067.80,1,M
09:39:33,2067.80,1,M
09:39:33,2067.60,2,B
09:39:33,2067.60,1,B
09:39:33,2067.60,9,B
09:39:33,2067.60,7,B
09:39:32,2067.80,2,M
09:39:32,2067.60,12,B
09:39:32,2067.60,1,B
09:39:32,2067.60,4,B
09:39:31,2067.60,2,B
09:39:31,2067.60,2,B
09:39:31,2067.90,2,M
09:39:31,2067.60,2,B
09:39:31,2067.60,5,B
09:39:31,2067.60,2,B
09:39:31,2067.70,1,B
09:39:31,2067.70,1,B
09:39:31,2067.70,1,B
09:39:31,2067.70,2,B
09:39:31,2067.70,6,B
09:39:31,2067.70,10,B
09:39:31,2067.70,1,B
09:39:31,2067.70,1,B
09:39:31,2067.70,2,B
09:39:31,2067.70,1,B
09:39:31,2067.70,2,B
09:39:31,2067.70,2,B
09:39:31,2067.80,1,B
09:39:31,2067.80,1,B
09:39:31,2067.80,2,B
09:39:31,2067.80,1,B
09:39:31,2067.80,6,B
09:39:31,2067.80,6,B
09:39:31,2068.00,1,M
09:39:31,2067.80,2,B
09:39:31,2067.80,1,B
09:39:31,2067.80,1,B
09:39:31,2067.80,1,B
09:39:31,2067.80,1,B
09:39:31,2067.80,1,B
09:39:31,2067.80,1,B
09:39:31,2067.90,1,M
09:39:30,2067.90,1,M
09:39:30,2067.80,1,B
09:39:30,2067.90,1,M
09:39:29,2067.90,7,B
09:39:29,2067.90,13,B
09:39:29,2067.90,2,B
09:39:29,2067.90,1,B
09:39:29,2067.90,1,B
09:39:29,2067.90,5,B
09:39:29,2067.90,18,B
09:39:29,2067.90,2,B
09:39:28,2068.00,1,M
09:39:28,2068.00,12,M
09:39:27,2068.00,1,M
09:39:27,2068.00,17,M
09:39:27,2067.90,1,B
09:39:27,2067.90,1,B
09:39:27,2067.90,1,B
09:39:27,2068.10,2,B
09:39:27,2068.00,1,M
09:39:27,2068.00,1,M
09:39:27,2067.90,1,B
09:39:26,2067.90,3,B
09:39:26,2067.90,10,B
09:39:26,2068.00,1,M
09:39:26,2068.00,1,M
09:39:26,2067.90,13,B
09:39:26,2068.00,24,B
09:39:26,2068.00,5,B
09:39:26,2068.00,1,B
09:39:26,2068.00,1,B
09:39:26,2068.00,2,B
09:39:26,2068.00,5,B
09:39:26,2068.00,1,B
09:39:26,2068.00,1,B
09:39:26,2068.00,1,B
09:39:26,2068.30,1,M
09:39:26,2068.10,1,M
09:39:26,2068.00,1,B
09:39:26,2068.00,1,B
09:39:26,2068.00,1,B
09:39:25,2068.00,5,B
09:39:25,2068.00,1,B
09:39:25,2068.10,1,M
09:39:24,2068.20,22,B
09:39:24,2068.20,2,B
09:39:24,2068.20,1,M
09:39:24,2068.10,5,M
09:39:24,2068.00,8,B
09:39:24,2068.00,13,B
09:39:24,2068.00,1,B
09:39:24,2068.00,1,B
09:39:24,2068.00,1,B
09:39:23,2068.00,12,B
09:39:23,2068.00,4,B
09:39:23,2068.00,2,B
09:39:23,2068.00,2,B
09:39:23,2068.00,5,B
09:39:23,2068.00,3,B
09:39:23,2068.00,4,B
09:39:23,2068.00,1,B
09:39:23,2068.00,10,B
09:39:23,2068.00,1,B
09:39:23,2068.00,1,B
09:39:23,2068.00,3,B
09:39:23,2068.00,1,B
09:39:23,2068.00,1,B
09:39:23,2068.00,1,B
09:39:23,2068.00,1,B
09:39:23,2068.00,1,B
09:39:23,2068.00,1,B
09:39:23,2068.00,1,B
09:39:23,2068.00,2,B
09:39:23,2068.00,2,B
09:39:23,2068.10,8,B
09:39:22,2068.00,2,B
09:39:22,2068.00,2,B
09:39:22,2068.00,1,B
09:39:22,2068.00,1,B
09:39:22,2068.10,2,B
09:39:22,2068.60,8,M
09:39:22,2068.50,2,M
09:39:22,2068.50,1,M
09:39:22,2068.50,1,M
09:39:22,2068.50,1,M
09:39:22,2068.40,1,M
09:39:22,2068.40,2,M
09:39:22,2068.40,1,M
09:39:22,2068.20,1,M
09:39:22,2068.00,1,B
09:39:22,2068.00,1,B
09:39:22,2068.00,1,B
09:39:22,2068.00,1,B
09:39:22,2068.00,1,B
09:39:22,2068.00,1,B
09:39:22,2068.20,2,B
09:39:22,2068.20,2,B
09:39:22,2068.20,1,M
09:39:22,2068.20,18,M
09:39:22,2068.20,1,M
09:39:22,2068.10,1,M
09:39:22,2068.10,1,M
09:39:21,2068.00,1,B
09:39:21,2068.10,1,M
09:39:21,2068.00,1,B
09:39:21,2068.00,1,B
09:39:21,2068.00,1,B
09:39:21,2068.00,1,B
09:39:21,2068.00,3,B
09:39:21,2068.00,1,B
09:39:21,2068.00,5,B
09:39:21,2068.00,1,B
09:39:21,2068.00,1,B
09:39:21,2068.00,1,B
09:39:21,2068.00,1,B
09:39:21,2068.00,1,B
09:39:21,2068.00,1,B
09:39:21,2068.00,1,B
09:39:21,2068.00,1,B
09:39:21,2068.00,1,B
09:39:21,2068.00,8,B
09:39:21,2068.10,2,M
09:39:21,2068.00,2,B
09:39:21,2068.00,5,B
09:39:21,2068.00,1,B
09:39:21,2068.00,1,B
09:39:21,2068.00,2,B
09:39:21,2068.00,1,B
09:39:21,2068.00,1,B
09:39:21,2068.00,1,B
09:39:21,2068.00,1,B
09:39:21,2068.00,25,B
09:39:21,2068.20,5,B
09:39:21,2068.20,1,B
09:39:21,2068.20,2,B
09:39:21,2068.20,2,B
09:39:21,2068.20,3,B
09:39:21,2068.30,1,M
09:39:21,2068.20,1,B
09:39:21,2068.20,4,B
09:39:21,2068.20,2,M
09:39:21,2068.20,5,M
09:39:21,2068.20,5,M
09:39:21,2068.10,1,M
09:39:21,2068.00,1,B
09:39:21,2068.00,2,B
09:39:21,2068.00,1,B
09:39:21,2068.00,1,B
09:39:21,2068.00,1,B
09:39:21,2068.00,1,B
09:39:21,2068.00,3,B
09:39:21,2068.00,1,B
09:39:21,2068.00,2,B
09:39:21,2068.00,4,B
09:39:21,2068.00,1,B
09:39:21,2068.10,1,B
09:39:21,2068.10,1,B
09:39:21,2068.10,1,B
09:39:21,2068.10,1,B
09:39:21,2068.10,16,B
09:39:21,2068.10,1,B
09:39:20,2068.10,2,B
09:39:20,2068.20,1,M
09:39:20,2068.10,2,B
09:39:20,2068.10,1,B
09:39:20,2068.10,2,B
09:39:20,2068.10,6,B
09:39:20,2068.10,3,B
09:39:20,2068.10,1,B
09:39:20,2068.10,1,B
09:39:20,2068.10,1,B
09:39:20,2068.10,1,B
09:39:20,2068.10,1,B
09:39:20,2068.10,1,B
09:39:20,2068.10,1,B
09:39:20,2068.20,1,M
09:39:20,2068.10,5,B
09:39:19,2068.10,3,B
09:39:19,2068.10,2,B
09:39:19,2068.10,4,B
09:39:19,2068.10,5,B
09:39:19,2068.10,1,B
09:39:19,2068.40,5,M
09:39:19,2068.30,12,M
09:39:19,2068.20,2,B
09:39:19,2068.20,1,B
09:39:19,2068.20,1,B
09:39:19,2068.20,2,B
09:39:19,2068.20,1,B
09:39:19,2068.20,2,B
09:39:19,2068.20,1,B
09:39:19,2068.20,12,B
09:39:19,2068.20,28,B
09:39:19,2068.20,6,B
09:39:19,2068.20,1,B
09:39:19,2068.20,5,B
09:39:19,2068.20,5,B
09:39:18,2068.20,10,B
09:39:18,2068.20,1,B
09:39:18,2068.30,1,B
09:39:18,2068.30,2,B
09:39:18,2068.30,2,B
09:39:18,2068.30,2,B
09:39:18,2068.30,1,B
09:39:18,2068.30,1,B
09:39:18,2068.30,1,B
09:39:18,2068.40,1,M
09:39:18,2068.20,1,B
09:39:18,2068.20,7,B
09:39:18,2068.20,1,B
09:39:18,2068.20,2,B
09:39:18,2068.20,1,B
09:39:18,2068.20,2,B
09:39:18,2068.20,11,B
09:39:18,2068.20,4,B
09:39:18,2068.30,1,B
09:39:18,2068.30,26,B
09:39:17,2068.30,4,B
09:39:17,2068.30,1,B
09:39:17,2068.30,1,B
09:39:17,2068.30,1,B
09:39:17,2068.30,1,B
09:39:17,2068.30,2,B
09:39:17,2068.30,1,B
09:39:17,2068.30,1,B
09:39:17,2068.30,1,B
09:39:17,2068.30,1,B
09:39:17,2068.30,1,B
09:39:17,2068.30,1,B
09:39:17,2068.30,1,B
09:39:17,2068.40,1,M
09:39:17,2068.40,2,M
09:39:17,2068.40,2,B
09:39:17,2068.40,2,B
09:39:16,2068.40,1,B
09:39:16,2068.40,3,B
09:39:16,2068.40,1,B
09:39:16,2068.40,4,B
09:39:16,2068.50,2,B
09:39:16,2068.50,1,B
09:39:16,2068.50,1,B
09:39:16,2068.50,1,B
09:39:16,2068.50,1,B
09:39:16,2068.50,5,B
09:39:16,2068.50,5,B
09:39:16,2068.50,1,B
09:39:16,2068.50,1,B
09:39:16,2068.50,257,B
09:39:16,2068.50,30,B
09:39:16,2068.50,4,B
09:39:16,2068.50,9,B
09:39:16,2068.50,1,B
09:39:16,2068.50,1,B
09:39:16,2068.50,2,B
09:39:16,2068.50,1,B
09:39:16,2068.50,1,B
09:39:16,2068.50,1,B
09:39:16,2068.50,1,B
09:39:16,2068.50,5,B
09:39:16,2068.50,1,B
09:39:16,2068.50,1,B
09:39:16,2068.50,2,B
09:39:16,2068.50,1,B
09:39:16,2068.50,2,B
09:39:16,2068.60,1,M
09:39:15,2068.60,2,M
09:39:15,2068.60,2,M
09:39:15,2068.60,1,B
09:39:15,2068.60,2,B
09:39:15,2068.60,1,B
09:39:15,2068.60,1,B
09:39:15,2068.60,1,B
09:39:15,2068.60,1,B
09:39:15,2068.60,10,B
09:39:15,2068.60,4,B
09:39:15,2068.60,1,B
09:39:15,2068.60,1,B
09:39:15,2068.60,2,B
09:39:14,2068.60,3,B
09:39:14,2068.60,2,B
09:39:14,2068.70,28,B
09:39:14,2069.00,5,M
09:39:14,2069.00,5,M
09:39:14,2069.00,1,M
09:39:14,2069.00,1,M
09:39:14,2068.90,1,M
09:39:14,2068.80,3,M
09:39:14,2068.80,1,M
09:39:14,2068.70,1,B
09:39:13,2068.80,1,M
09:39:13,2068.70,1,B
09:39:13,2068.60,1,B
09:39:13,2068.60,3,B
09:39:13,2068.70,1,B
09:39:13,2068.70,1,B
09:39:11,2068.60,7,B
09:39:11,2068.60,2,B
09:39:11,2068.60,1,B
09:39:10,2068.60,9,B
09:39:10,2068.60,4,B
09:39:10,2068.60,1,B
09:39:10,2068.60,1,B
09:39:10,2068.60,1,B
09:39:10,2068.60,1,B
09:39:10,2068.60,9,B
09:39:10,2068.60,1,B
09:39:10,2068.60,1,B
09:39:10,2068.60,1,B
09:39:10,2068.70,1,B
09:39:10,2068.70,10,B
09:39:10,2068.70,1,B
09:39:10,2068.70,1,B
09:39:10,2068.70,6,B
09:39:10,2068.70,1,B
09:39:10,2068.70,1,B
09:39:09,2068.80,2,M
09:39:09,2068.80,1,M
09:39:09,2068.70,1,B
09:39:09,2069.00,1,M
09:39:09,2068.90,3,M
09:39:07,2068.90,2,B
09:39:07,2068.80,1,B
09:39:06,2069.00,1,B
09:39:06,2068.80,1,B
09:39:06,2068.90,1,B
09:39:06,2068.90,1,B
09:39:05,2068.70,20,B
09:39:05,2068.70,5,B
09:39:05,2068.80,2,B
09:39:05,2068.90,1,B
09:39:05,2068.90,1,B
09:39:05,2068.90,1,B
09:39:02,2068.90,1,B
09:39:02,2069.40,1,M
09:39:02,2069.40,1,M
09:39:02,2069.00,1,M
09:39:02,2069.40,1,M
09:39:01,2069.40,1,M
09:39:01,2069.40,4,M
09:39:01,2069.40,1,M
09:39:01,2069.30,1,M
09:39:01,2069.30,1,M
09:39:01,2069.30,1,M
09:39:01,2069.20,1,M
09:39:01,2069.10,1,M
09:39:01,2069.10,1,M
09:39:01,2069.00,1,M
09:39:01,2069.00,1,M
09:39:01,2068.90,1,M
09:39:00,2068.90,1,M
09:39:00,2069.10,1,B
09:38:59,2068.70,1,B
09:38:59,2068.70,1,B
09:38:59,2068.70,1,B
09:38:59,2068.70,1,B
09:38:59,2068.70,1,B
09:38:59,2068.70,1,B
09:38:59,2068.80,24,B
09:38:59,2068.80,6,B
09:38:59,2068.80,6,B
09:38:59,2068.80,1,B
09:38:59,2068.80,2,B
09:38:59,2068.80,10,B
09:38:59,2068.80,4,B
09:38:59,2068.90,1,B
09:38:59,2068.90,1,B
09:38:59,2068.90,1,B
09:38:59,2068.90,1,B
09:38:59,2069.00,1,B
09:38:59,2069.00,2,B
09:38:59,2069.00,4,B
09:38:59,2069.00,1,B
09:38:59,2069.00,5,B
09:38:59,2069.00,1,B
09:38:59,2069.00,1,B
09:38:59,2069.00,1,B
09:38:59,2069.00,11,B
09:38:59,2069.00,2,B
09:38:58,2069.00,2,B
09:38:57,2069.40,4,M
09:38:56,2069.00,5,B
09:38:56,2069.00,1,B
09:38:56,2069.00,1,B
09:38:56,2069.00,1,B
09:38:56,2069.00,5,B
09:38:56,2069.10,7,B
09:38:56,2069.10,3,B
09:38:56,2069.10,1,B
09:38:56,2069.20,1,B
09:38:56,2069.20,10,B
09:38:56,2069.20,1,B
09:38:56,2069.20,1,B
09:38:56,2069.20,3,B
09:38:55,2069.60,2,M
09:38:53,2069.20,2,B
09:38:51,2069.20,29,B
09:38:51,2069.40,1,B
09:38:51,2069.10,1,B
09:38:50,2069.50,1,M
09:38:50,2069.50,1,M
09:38:50,2069.10,6,B
09:38:50,2069.10,1,B
09:38:50,2069.20,1,B
09:38:50,2069.20,1,B
09:38:50,2069.20,1,B
09:38:50,2069.20,10,B
09:38:50,2069.20,2,B
09:38:50,2069.20,17,B
09:38:50,2069.30,11,B
09:38:50,2069.50,1,M
09:38:45,2069.20,1,B
09:38:45,2069.20,1,B
09:38:43,2069.50,1,M
09:38:43,2069.40,2,M
09:38:42,2069.20,1,B
09:38:42,2069.00,2,B
09:38:42,2069.00,1,B
09:38:42,2069.00,1,B
09:38:42,2069.00,1,B
09:38:42,2069.00,1,B
09:38:42,2069.00,1,B
09:38:42,2069.00,1,B
09:38:42,2069.00,2,B
09:38:42,2069.00,1,B
09:38:42,2069.00,3,B
09:38:42,2069.00,1,B
09:38:42,2069.00,5,B
09:38:42,2069.00,1,B
09:38:42,2069.00,1,B
09:38:42,2069.00,1,B
09:38:42,2069.10,1,B
09:38:42,2069.10,1,B
09:38:42,2069.10,5,B
09:38:42,2069.20,5,B
09:38:42,2069.20,13,B
09:38:42,2069.20,2,B
09:38:41,2069.20,1,B
09:38:40,2069.20,4,B
09:38:40,2069.20,1,B
09:38:39,2069.10,5,B
09:38:39,2069.10,1,B
09:38:39,2069.10,1,B
09:38:38,2069.40,1,M
09:38:38,2069.30,1,M
09:38:38,2069.10,1,B
09:38:38,2069.10,1,B
09:38:37,2069.00,1,B
09:38:37,2069.10,5,B
09:38:37,2069.10,13,B
09:38:37,2069.10,1,B
09:38:37,2069.10,1,B
09:38:37,2069.10,1,B
09:38:37,2069.10,5,B
09:38:37,2069.10,3,B
09:38:37,2069.10,3,B
09:38:37,2069.10,1,B
09:38:37,2069.10,1,B
09:38:37,2069.10,6,B
09:38:37,2069.10,7,B
09:38:37,2069.10,1,B
09:38:37,2069.10,1,B
09:38:37,2069.10,1,B
09:38:37,2069.20,5,B
09:38:37,2069.20,6,B
09:38:37,2069.30,1,B
09:38:37,2069.30,21,B
09:38:37,2069.30,17,B
09:38:37,2069.40,1,B
09:38:36,2069.60,1,M
09:38:36,2069.30,3,B
09:38:35,2069.50,1,M
09:38:35,2069.50,1,B
09:38:35,2069.20,1,B
09:38:34,2069.20,1,B
09:38:33,2069.40,1,B
09:38:32,2069.40,2,B
09:38:32,2069.40,1,B
09:38:32,2069.40,1,B
09:38:32,2069.40,1,B
09:38:31,2069.40,1,B
09:38:29,2069.60,1,M
09:38:29,2069.40,3,B
09:38:29,2069.40,1,B
09:38:29,2069.40,1,B
09:38:29,2069.40,1,B
09:38:29,2069.40,23,B
09:38:29,2069.50,2,B
09:38:29,2069.50,1,B
09:38:29,2069.50,1,B
09:38:29,2069.50,2,B
09:38:28,2069.50,20,B
09:38:28,2069.50,20,B
09:38:28,2069.50,18,B
09:38:28,2069.50,2,B
09:38:28,2069.50,1,B
09:38:25,2069.90,4,M
09:38:24,2069.90,1,M
09:38:23,2070.00,15,M
09:38:23,2069.90,1,M
09:38:23,2069.90,1,M
09:38:23,2070.00,3,M
09:38:23,2069.90,1,M
09:38:23,2069.90,1,M
09:38:23,2069.70,1,B
09:38:23,2069.70,1,B
09:38:23,2069.80,1,B
09:38:22,2069.90,1,M
09:38:22,2069.70,1,B
09:38:21,2069.70,2,B
09:38:21,2069.70,1,B
09:38:19,2069.70,1,B
09:38:18,2069.70,1,B
09:38:18,2069.70,5,B
09:38:18,2069.90,5,B
09:38:17,2070.00,5,M
09:38:15,2069.70,1,B
09:38:15,2069.80,2,B
09:38:15,2070.00,15,M
09:38:15,2069.80,1,M
09:38:15,2069.80,1,M
09:38:15,2069.80,4,M
09:38:15,2069.80,8,M
09:38:14,2069.70,1,M
09:38:14,2069.70,10,M
09:38:14,2069.50,1,B
09:38:12,2069.70,1,M
09:38:10,2069.40,2,M
09:38:09,2069.30,1,B
09:38:08,2069.20,4,B
09:38:08,2069.20,1,B
09:38:08,2069.20,1,B
09:38:08,2069.20,3,B
09:38:08,2069.20,1,B
09:38:08,2069.20,1,B
09:38:08,2069.20,1,B
09:38:08,2069.30,2,B
09:38:08,2069.30,1,B
09:38:08,2069.30,5,B
09:38:08,2069.30,1,B
09:38:08,2069.40,2,B
09:38:08,2069.40,1,B
09:38:08,2069.40,1,B
09:38:08,2069.50,1,B
09:38:08,2069.50,1,B
09:38:08,2069.50,1,B
09:38:08,2069.50,1,B
09:38:08,2069.50,1,B
09:38:08,2069.50,14,B
09:38:08,2069.50,5,B
09:38:08,2069.50,1,B
09:38:08,2069.50,17,B
09:38:08,2069.50,1,B
09:38:08,2069.60,5,B
09:38:08,2069.60,2,B
09:38:08,2069.60,1,B
09:38:08,2069.60,1,B
09:38:08,2069.70,1,B
09:38:08,2069.70,1,B
09:38:08,2069.70,1,B
09:38:08,2069.70,1,B
09:38:08,2069.70,1,B
09:38:08,2069.70,1,B
09:38:08,2069.70,1,B
09:38:08,2069.70,1,B
09:38:08,2069.70,1,B
09:38:08,2069.70,1,B
09:38:08,2069.70,1,B
09:38:08,2069.70,1,B
09:38:08,2069.70,1,B
09:38:08,2070.00,5,M
09:38:07,2069.70,1,B
09:38:07,2069.80,1,B
09:38:07,2069.80,6,B
09:38:07,2069.80,1,B
09:38:07,2069.80,10,B
09:38:07,2069.80,1,B
09:38:07,2069.80,1,B
09:38:07,2069.90,7,B
09:38:07,2069.90,1,B
09:38:07,2069.90,1,B
09:38:07,2069.90,1,B
09:38:06,2069.90,1,B
09:38:06,2070.00,2,M
09:38:05,2070.00,1,M
09:38:05,2070.00,1,M
09:38:05,2070.00,2,M
09:38:04,2069.90,1,B
09:38:04,2069.90,1,B
09:38:03,2069.90,4,B
09:38:03,2070.00,17,M
09:38:03,2070.00,1,M
09:38:03,2069.90,1,B
09:38:03,2069.90,1,B
09:38:02,2070.00,1,M
09:38:02,2070.00,1,M
09:38:02,2070.00,1,M
09:38:02,2070.00,1,M
09:38:02,2070.00,1,M
09:38:02,2070.00,1,M
09:38:02,2070.00,1,M
09:38:01,2070.00,1,M
09:38:01,2070.00,1,M
09:38:00,2070.00,1,M
09:38:00,2070.00,1,M
09:37:59,2070.00,1,M
09:37:59,2070.00,1,M
09:37:57,2070.00,2,M
09:37:57,2070.00,1,M
09:37:56,2069.90,1,B
09:37:54,2070.30,1,M
09:37:54,2070.30,1,M
09:37:53,2070.00,4,M
09:37:53,2070.00,1,M
09:37:53,2069.90,1,B
09:37:52,2069.90,1,B
09:37:50,2070.00,1,B
09:37:50,2070.00,1,B
09:37:50,2070.10,1,B
09:37:49,2070.40,7,M
09:37:49,2070.30,1,M
09:37:49,2070.30,1,M
09:37:49,2070.30,1,M
09:37:49,2070.30,1,M
09:37:49,2070.30,6,M
09:37:48,2070.00,1,B
09:37:47,2070.10,1,B
09:37:38,2070.30,3,M
09:37:38,2070.20,2,M
09:37:38,2070.10,1,M
09:37:36,2069.80,1,B
09:37:36,2069.80,1,B
09:37:36,2069.80,3,B
09:37:36,2069.90,1,B
09:37:36,2069.90,1,B
09:37:36,2070.00,13,B
09:37:36,2070.00,1,B
09:37:35,2070.00,1,B
09:37:35,2070.30,1,M
09:37:34,2070.30,1,M
09:37:33,2070.00,3,B
09:37:33,2070.00,1,B
09:37:33,2070.00,1,B
09:37:32,2070.00,1,B
09:37:32,2070.30,1,M
09:37:32,2070.00,14,M
09:37:31,2070.00,1,M
09:37:31,2070.40,1,M
09:37:31,2070.40,2,M
09:37:31,2070.40,4,M
09:37:31,2070.40,1,M
09:37:31,2070.40,1,M
09:37:31,2070.40,1,M
09:37:31,2070.30,1,M
09:37:31,2070.20,2,M
09:37:31,2070.20,1,M
09:37:31,2070.20,2,M
09:37:31,2070.00,2,M
09:37:31,2069.80,1,B
09:37:29,2069.80,1,B
09:37:29,2070.00,1,M
09:37:29,2070.00,1,M
09:37:28,2069.90,1,B
09:37:28,2069.90,1,B
09:37:27,2070.20,1,M
09:37:27,2070.00,1,B
09:37:27,2070.00,1,B
09:37:27,2070.00,1,B
09:37:27,2070.00,1,B
09:37:27,2070.00,1,B
09:37:27,2070.00,1,B
09:37:27,2070.00,1,B
09:37:27,2070.00,3,B
09:37:26,2070.00,1,B
09:37:26,2070.00,2,B
09:37:26,2070.00,1,B
09:37:26,2070.00,2,B
09:37:26,2070.00,1,B
09:37:26,2070.00,2,B
09:37:26,2070.00,1,B
09:37:26,2070.00,2,B
09:37:26,2070.00,2,B
09:37:26,2070.00,2,B
09:37:26,2070.00,1,B
09:37:26,2070.00,1,B
09:37:24,2070.00,2,B
09:37:24,2070.00,1,B
09:37:24,2070.00,1,B
09:37:24,2070.00,2,B
09:37:24,2070.00,1,B
09:37:24,2070.00,1,B
09:37:24,2070.00,2,B
09:37:24,2070.00,2,B
09:37:24,2070.20,1,M
09:37:23,2070.50,13,M
09:37:23,2070.40,1,M
09:37:23,2070.40,3,M
09:37:22,2070.00,1,B
09:37:22,2070.00,1,B
09:37:22,2070.20,8,B
09:37:21,2070.20,2,M
09:37:21,2070.20,20,M
09:37:20,2070.00,1,B
09:37:20,2070.10,1,B
09:37:20,2070.20,2,M
09:37:20,2070.20,1,M
09:37:20,2070.10,1,B
09:37:20,2070.10,2,B
09:37:20,2070.10,1,B
09:37:20,2070.20,1,M
09:37:20,2070.20,1,B
09:37:20,2070.20,1,B
09:37:19,2070.20,1,B
09:37:19,2070.20,2,B
09:37:19,2070.20,7,B
09:37:19,2070.20,9,B
09:37:19,2070.30,1,B
09:37:19,2070.50,1,M
09:37:18,2070.20,2,B
09:37:18,2070.20,2,B
09:37:17,2070.50,3,M
09:37:17,2070.40,14,M
09:37:16,2070.20,1,B
09:37:16,2070.20,1,B
09:37:16,2070.20,1,B
09:37:16,2070.20,1,B
09:37:16,2070.20,2,B
09:37:16,2070.20,2,B
09:37:16,2070.20,3,B
09:37:16,2070.60,1,M
09:37:16,2070.60,4,M
09:37:16,2070.50,1,M
09:37:15,2070.60,1,M
09:37:14,2070.60,1,M
09:37:14,2070.30,2,B
09:37:14,2070.30,1,B
09:37:14,2070.30,1,B
09:37:14,2070.30,2,B
09:37:14,2070.40,1,B
09:37:14,2070.40,1,B
09:37:14,2070.40,1,B
09:37:14,2070.40,1,B
09:37:14,2070.40,2,B
09:37:14,2070.40,2,B
09:37:14,2070.50,1,B
09:37:14,2070.50,2,B
09:37:14,2070.50,2,B
09:37:14,2070.50,5,B
09:37:14,2070.50,4,B
09:37:14,2070.50,1,B
09:37:14,2070.50,1,B
09:37:13,2070.50,3,B
09:37:13,2070.50,5,B
09:37:13,2070.50,1,B
09:37:13,2070.50,1,B
09:37:13,2070.50,2,B
09:37:13,2070.60,1,B
09:37:13,2070.60,1,B
09:37:13,2070.60,16,B
09:37:12,2070.60,4,B
09:37:12,2070.60,1,B
09:37:12,2070.60,1,B
09:37:12,2070.60,1,B
09:37:12,2070.60,13,B
09:37:11,2070.60,1,B
09:37:09,2070.60,2,B
09:37:06,2070.60,5,B
09:37:06,2070.70,2,B
09:37:06,2070.70,1,B
09:37:06,2070.70,1,B
09:37:06,2070.70,3,B
09:37:05,2071.00,3,M
09:37:05,2070.90,1,M
09:37:05,2070.70,1,M
09:37:02,2070.70,1,M
09:37:02,2070.60,1,B
09:37:02,2070.70,1,M
09:37:01,2070.80,1,B
09:37:01,2070.80,1,B
09:37:01,2070.80,1,B
09:37:00,2071.00,11,M
09:37:00,2070.90,7,M
09:37:00,2070.60,1,B
09:37:00,2070.60,1,B
09:37:00,2070.60,5,B
09:36:59,2070.60,1,B
09:36:59,2070.70,1,B
09:36:59,2070.70,5,B
09:36:59,2070.80,2,B
09:36:58,2070.80,4,B
09:36:58,2070.80,3,B
09:36:58,2070.80,1,B
09:36:58,2070.80,2,B
09:36:58,2070.80,1,B
09:36:58,2070.80,1,B
09:36:58,2070.80,1,B
09:36:57,2070.80,4,B
09:36:57,2070.80,1,B
09:36:56,2071.00,11,M
09:36:56,2071.00,1,M
09:36:55,2071.00,14,M
09:36:55,2070.90,2,M
09:36:55,2070.90,1,M
09:36:53,2071.00,2,M
09:36:53,2070.90,1,M
09:36:51,2070.80,1,B
09:36:48,2070.80,1,B
09:36:47,2071.00,13,M
09:36:47,2070.90,4,M
09:36:46,2070.90,1,M
09:36:45,2070.80,1,B
09:36:45,2070.80,1,B
09:36:45,2070.80,1,B
09:36:45,2070.80,1,B
09:36:42,2071.00,2,M
09:36:42,2071.00,3,M
09:36:42,2071.00,6,M
09:36:42,2070.90,11,M
09:36:39,2071.00,1,M
09:36:39,2071.00,3,M
09:36:38,2070.80,2,B
09:36:38,2071.00,8,B
09:36:38,2071.00,1,B
09:36:37,2071.00,1,B
09:36:37,2071.20,1,M
09:36:34,2071.30,10,M
09:36:34,2071.20,7,M
09:36:33,2070.90,1,B
09:36:33,2071.20,1,M
09:36:33,2071.00,19,M
09:36:33,2071.00,1,M
09:36:32,2071.00,7,B
09:36:32,2071.00,4,B
09:36:32,2071.00,2,B
09:36:32,2071.00,1,B
09:36:32,2071.00,5,B
09:36:32,2071.00,1,B
09:36:32,2071.00,1,B
09:36:32,2071.00,1,B
09:36:31,2071.30,1,M
09:36:30,2071.40,1,M
09:36:30,2071.40,15,M
09:36:30,2071.30,1,M
09:36:30,2071.30,1,M
09:36:27,2071.40,8,M
09:36:27,2071.40,5,M
09:36:27,2071.30,1,M
09:36:27,2071.20,1,M
09:36:27,2071.20,1,M
09:36:27,2071.10,1,M
09:36:26,2071.00,1,B
09:36:25,2071.00,1,B
09:36:25,2071.00,2,B
09:36:25,2071.00,1,B
09:36:25,2071.10,1,B
09:36:24,2071.10,1,B
09:36:20,2071.00,1,B
09:36:20,2071.00,2,B
09:36:20,2071.40,2,M
09:36:20,2071.40,9,M
09:36:19,2071.40,1,M
09:36:19,2071.00,1,B
09:36:19,2071.10,1,B
09:36:19,2071.10,1,B
09:36:19,2071.20,1,B
09:36:17,2071.40,1,M
09:36:17,2071.40,2,M
09:36:16,2071.00,2,B
09:36:16,2071.00,1,B
09:36:16,2071.00,1,B
09:36:16,2071.10,1,B
09:36:16,2071.10,1,B
09:36:16,2071.20,1,B
09:36:16,2071.20,1,B
09:36:16,2071.20,1,B
09:36:16,2071.30,1,B
09:36:16,2071.20,1,B
09:36:16,2071.20,1,B
09:36:15,2071.60,1,M
09:36:15,2071.60,1,M
09:36:14,2071.50,1,M
09:36:14,2071.20,1,B
09:36:14,2071.60,1,M
09:36:14,2071.60,1,M
09:36:13,2071.60,2,M
09:36:13,2071.60,1,M
09:36:13,2071.60,1,M
09:36:13,2071.50,1,M
09:36:13,2071.40,1,M
09:36:13,2071.40,1,M
09:36:13,2071.40,1,M
09:36:13,2071.40,1,M
09:36:13,2071.20,4,B
09:36:13,2071.20,1,B
09:36:13,2071.20,1,B
09:36:13,2071.40,1,B
09:36:13,2071.50,8,B
09:36:13,2071.60,1,M
09:36:12,2071.60,1,M
09:36:12,2071.60,1,M
09:36:12,2071.60,6,B
09:36:11,2071.70,7,M
09:36:11,2071.60,1,M
09:36:11,2071.50,1,M
09:36:11,2071.60,1,M
09:36:11,2071.30,1,M
09:36:11,2071.30,2,M
09:36:10,2071.60,2,M
09:36:10,2071.50,1,M
09:36:10,2071.50,1,M
09:36:10,2071.60,1,M
09:36:09,2071.60,3,M
09:36:09,2071.60,2,M
09:36:09,2071.60,1,M
09:36:09,2071.60,1,M
09:36:09,2071.50,1,M
09:36:09,2071.50,1,M
09:36:09,2071.50,3,M
09:36:09,2071.50,3,M
09:36:09,2071.50,2,M
09:36:09,2071.50,8,M
09:36:09,2071.50,1,M
09:36:09,2071.50,2,M
09:36:09,2071.50,2,M
09:36:09,2071.50,1,M
09:36:09,2071.50,1,M
09:36:09,2071.50,1,M
09:36:09,2071.50,6,M
09:36:09,2071.50,1,M
09:36:09,2071.50,1,M
09:36:09,2071.50,6,M
09:36:08,2071.50,1,M
09:36:08,2071.50,3,M
09:36:08,2071.50,1,M
09:36:08,2071.00,1,B
09:36:07,2071.50,1,M
09:36:07,2071.50,1,M
09:36:07,2071.50,1,M
09:36:07,2071.50,1,M
09:36:07,2071.50,2,M
09:36:07,2071.50,5,M
09:36:07,2071.40,3,M
09:36:07,2071.40,1,M
09:36:07,2071.40,1,M
09:36:07,2071.40,5,M
09:36:07,2071.40,1,M
09:36:07,2071.40,4,M
09:36:07,2071.30,1,M
09:36:07,2071.30,1,M
09:36:07,2071.30,1,M
09:36:07,2071.30,26,M
09:36:07,2071.30,10,M
09:36:07,2071.30,1,M
09:36:07,2071.20,1,M
09:36:07,2071.10,1,B
09:36:06,2071.30,1,M
09:36:06,2071.30,1,M
09:36:06,2071.20,1,M
09:36:06,2071.20,1,M
09:36:06,2071.20,1,M
09:36:06,2071.00,1,B
09:36:06,2071.10,1,B
09:36:05,2071.10,1,B
09:36:04,2071.00,1,B
09:36:03,2071.10,1,M
09:36:02,2071.10,1,M
09:36:01,2071.10,3,B
09:36:01,2071.10,1,M
09:36:01,2071.10,1,M
09:36:00,2071.00,1,B
09:35:59,2071.10,1,M
09:35:59,2071.10,1,M
09:35:59,2071.10,1,M
09:35:57,2071.10,3,M
09:35:57,2071.10,1,M
09:35:57,2071.10,1,M
09:35:57,2071.10,1,M
09:35:56,2071.10,1,M
09:35:56,2071.10,1,M
09:35:56,2071.10,1,M
09:35:56,2071.10,1,M
09:35:56,2071.10,1,M
09:35:55,2071.10,1,M
09:35:55,2071.00,1,B
09:35:55,2071.10,1,B
09:35:55,2071.10,1,B
09:35:55,2071.10,1,B
09:35:55,2071.10,1,B
09:35:55,2071.10,1,B
09:35:55,2071.10,2,B
09:35:55,2071.30,1,M
09:35:55,2071.30,7,M
09:35:55,2071.20,1,M
09:35:55,2071.20,1,M
09:35:53,2071.10,1,B
09:35:53,2071.10,1,B
09:35:53,2071.10,1,B
09:35:53,2071.20,1,B
09:35:53,2071.20,1,B
09:35:52,2071.20,1,M
09:35:52,2071.20,1,M
09:35:52,2071.10,1,B
09:35:51,2071.10,1,M
09:35:51,2071.10,2,M
09:35:51,2071.10,1,M
09:35:51,2071.10,1,M
09:35:51,2071.10,1,M
09:35:51,2071.10,1,M
09:35:50,2071.10,1,M
09:35:50,2071.10,1,M
09:35:49,2071.20,1,M
09:35:49,2071.20,1,M
09:35:48,2071.20,1,M
09:35:48,2071.00,2,M
09:35:48,2071.00,1,M
09:35:48,2071.00,1,M
09:35:47,2071.10,4,B
09:35:47,2071.20,2,M
09:35:47,2071.10,1,B
09:35:47,2071.10,1,M
09:35:46,2071.10,1,M
09:35:46,2071.20,1,M
09:35:46,2071.10,1,M
09:35:46,2071.10,1,M
09:35:46,2071.10,1,M
09:35:46,2071.10,1,M
09:35:44,2071.10,1,M
09:35:44,2071.10,5,M
09:35:44,2071.10,1,M
09:35:44,2071.00,2,M
09:35:44,2071.00,1,M
09:35:43,2071.00,1,M
09:35:42,2070.50,2,B
09:35:42,2070.50,1,B
09:35:42,2070.50,1,B
09:35:42,2070.60,2,B
09:35:42,2070.70,2,B
09:35:42,2070.90,1,B
09:35:42,2070.90,2,B
09:35:42,2070.90,1,B
09:35:42,2071.00,1,B
09:35:42,2071.00,30,B
09:35:42,2071.00,2,B
09:35:42,2071.10,1,B
09:35:42,2071.10,4,B
09:35:42,2071.10,1,B
09:35:41,2071.10,1,M
09:35:41,2071.10,1,M
09:35:41,2071.10,1,M
09:35:41,2071.10,1,M
09:35:41,2071.10,1,M
09:35:41,2071.00,1,B
09:35:41,2071.00,1,M
09:35:41,2071.00,3,M
09:35:41,2071.00,1,M
09:35:41,2071.00,3,M
09:35:41,2071.00,4,M
09:35:41,2071.00,1,M
09:35:41,2071.00,1,M
09:35:41,2071.00,1,M
09:35:41,2071.00,1,M
09:35:41,2071.00,1,M
09:35:41,2071.00,1,M
09:35:41,2071.00,9,M
09:35:40,2070.90,1,M
09:35:40,2070.90,1,M
09:35:40,2070.90,1,M
09:35:40,2070.90,10,M
09:35:39,2070.90,1,M
09:35:36,2070.90,1,M
09:35:35,2070.90,1,M
09:35:34,2070.90,5,M
09:35:31,2070.90,1,M
09:35:30,2070.80,1,M
09:35:29,2070.50,1,B
09:35:27,2070.90,4,M
09:35:27,2070.80,3,M
09:35:27,2070.60,1,B
09:35:26,2070.60,7,M
09:35:26,2070.60,10,M
09:35:26,2070.50,1,B
09:35:26,2070.60,1,M
09:35:26,2070.50,1,B
09:35:26,2070.50,4,B
09:35:25,2070.60,10,M
09:35:25,2070.60,2,M
09:35:23,2070.50,1,B
09:35:23,2070.60,1,M
09:35:22,2070.50,1,B
09:35:22,2070.50,1,B
09:35:21,2070.50,1,M
09:35:21,2070.40,1,B
09:35:21,2070.50,1,M
09:35:21,2070.40,1,B
09:35:20,2070.50,1,M
09:35:19,2070.50,12,M
09:35:19,2070.50,1,M
09:35:19,2070.40,1,M
09:35:19,2070.30,1,B
09:35:19,2070.30,1,B
09:35:19,2070.30,1,B
09:35:19,2070.30,1,B
09:35:19,2070.30,2,B
09:35:19,2070.30,1,B
09:35:18,2070.30,1,B
09:35:18,2070.30,1,B
09:35:18,2070.30,2,B
09:35:18,2070.30,1,B
09:35:18,2070.30,1,B
09:35:18,2070.30,1,B
09:35:17,2070.30,1,B
09:35:16,2070.30,3,B
09:35:16,2070.40,1,M
09:35:16,2070.40,1,M
09:35:16,2070.20,1,B
09:35:16,2070.20,1,B
09:35:16,2070.20,1,B
09:35:14,2070.40,1,M
09:35:14,2070.40,1,M
09:35:14,2070.40,1,B
09:35:13,2070.40,2,B
09:35:13,2070.40,1,B
09:35:13,2070.40,1,B
09:35:13,2070.20,1,B
09:35:13,2070.20,1,B
09:35:13,2070.60,2,M
09:35:12,2070.60,2,M
09:35:12,2070.20,2,B
09:35:12,2070.20,1,B
09:35:12,2070.30,1,M
09:35:12,2070.20,2,B
09:35:12,2070.20,1,B
09:35:12,2070.20,2,B
09:35:12,2070.20,1,B
09:35:11,2070.20,3,B
09:35:11,2070.30,1,B
09:35:11,2070.30,5,B
09:35:11,2070.30,1,B
09:35:11,2070.30,1,B
09:35:11,2070.30,1,B
09:35:11,2070.30,3,B
09:35:11,2070.40,1,B
09:35:11,2070.40,2,B
09:35:11,2070.40,1,B
09:35:11,2070.40,1,B
09:35:11,2070.50,1,B
09:35:11,2070.50,9,B
09:35:11,2070.80,5,M
09:35:11,2070.80,2,M
09:35:11,2070.60,1,M
09:35:11,2070.60,1,M
09:35:11,2070.60,1,M
09:35:10,2070.60,1,B
09:35:10,2070.60,1,B
09:35:10,2070.60,1,B
09:35:09,2070.80,2,M
09:35:09,2070.80,2,M
09:35:09,2070.80,1,M
09:35:09,2070.80,2,M
09:35:09,2070.80,1,M
09:35:09,2070.80,1,M
09:35:09,2070.80,1,M
09:35:09,2070.80,3,M
09:35:09,2070.80,1,M
09:35:09,2070.80,3,M
09:35:09,2070.80,1,M
09:35:09,2070.70,1,M
09:35:09,2070.50,2,B
09:35:09,2070.50,2,B
09:35:08,2070.80,6,M
09:35:08,2070.80,6,M
09:35:06,2070.80,2,M
09:35:05,2070.80,1,M
09:35:04,2070.50,2,B
09:35:04,2070.80,1,M
09:35:04,2070.90,1,M
09:35:03,2070.60,1,B
09:35:03,2070.90,1,M
09:35:01,2070.80,1,M
09:35:00,2070.40,1,B
09:35:00,2070.40,1,B
09:35:00,2070.50,2,B
09:35:00,2071.00,1,M
09:35:00,2070.90,1,M
09:35:00,2071.00,4,M
09:35:00,2070.90,1,M
09:35:00,2070.90,1,B
09:35:00,2070.40,1,B
09:35:00,2071.00,1,M
09:35:00,2071.00,1,M
09:35:00,2071.00,1,M
09:35:00,2071.00,3,M
09:35:00,2071.00,2,M
09:35:00,2071.00,1,M
09:35:00,2071.00,1,M
09:35:00,2071.00,1,M
09:35:00,2070.90,2,M
09:35:00,2070.90,1,M
09:35:00,2070.90,1,M
09:35:00,2070.80,2,M
09:35:00,2070.70,1,M
09:35:00,2070.90,1,M
09:34:59,2070.30,2,B
09:34:59,2070.30,18,B
09:34:59,2070.40,2,B
09:34:59,2070.50,1,B
09:34:59,2070.50,1,B
09:34:59,2070.50,1,B
09:34:59,2070.50,1,B
09:34:59,2070.50,1,B
09:34:59,2070.50,3,B
09:34:59,2071.00,3,M
09:34:58,2070.50,1,B
09:34:58,2070.50,1,B
09:34:58,2070.50,3,B
09:34:58,2070.60,5,B
09:34:58,2070.60,1,B
09:34:58,2070.60,7,B
09:34:58,2070.60,1,B
09:34:58,2070.70,1,B
09:34:58,2070.70,2,B
09:34:57,2070.70,15,B
09:34:57,2070.80,5,B
09:34:56,2071.00,1,M
09:34:56,2070.70,2,B
09:34:55,2070.70,2,B
09:34:55,2070.70,1,B
09:34:55,2070.70,1,B
09:34:53,2071.00,1,M
09:34:53,2071.00,1,M
09:34:53,2071.00,3,M
09:34:52,2071.00,2,M
09:34:52,2071.00,1,M
09:34:52,2071.00,1,M
09:34:52,2071.00,2,M
09:34:52,2071.00,1,M
09:34:52,2071.00,13,M
09:34:51,2071.00,2,M
09:34:49,2071.00,1,M
09:34:49,2070.70,1,B
09:34:48,2070.90,1,M
09:34:48,2070.80,1,M
09:34:47,2071.00,1,M
09:34:47,2071.00,1,M
09:34:46,2070.70,11,B
09:34:46,2071.00,32,B
09:34:45,2071.00,1,B
09:34:45,2071.00,1,B
09:34:44,2071.00,1,M
09:34:44,2071.00,10,M
09:34:44,2071.00,1,M
09:34:44,2070.70,2,M
09:34:43,2070.50,1,B
09:34:42,2070.50,1,B
09:34:42,2071.00,1,M
09:34:42,2071.00,1,M
09:34:42,2070.90,1,M
09:34:42,2070.50,1,B
09:34:42,2070.60,1,M
09:34:41,2070.60,1,B
09:34:41,2070.60,4,B
09:34:41,2070.70,3,B
09:34:41,2070.70,1,B
09:34:41,2070.70,2,B
09:34:41,2070.80,1,B
09:34:41,2070.80,5,B
09:34:41,2070.90,1,M
09:34:41,2070.90,1,B
09:34:41,2070.90,1,B
09:34:41,2071.10,4,M
09:34:41,2071.00,1,M
09:34:40,2071.00,2,B
09:34:40,2071.00,1,B
09:34:40,2071.00,11,B
09:34:40,2071.00,1,B
09:34:40,2071.00,11,B
09:34:40,2071.00,2,B
09:34:39,2071.30,10,M
09:34:39,2071.20,1,M
09:34:39,2071.10,4,M
09:34:39,2071.10,1,M
09:34:39,2071.10,1,M
09:34:39,2071.00,30,B
09:34:39,2071.00,5,B
09:34:39,2071.00,13,B
09:34:38,2071.30,1,M
09:34:38,2071.00,20,B
09:34:38,2071.00,20,B
09:34:38,2071.00,11,B
09:34:38,2071.10,1,B
09:34:38,2071.10,8,B
09:34:37,2071.00,30,B
09:34:37,2071.40,1,M
09:34:37,2071.00,1,B
09:34:37,2071.10,8,B
09:34:36,2071.40,5,M
09:34:36,2071.40,1,M
09:34:36,2071.40,1,M
09:34:36,2071.40,1,M
09:34:36,2071.40,1,M
09:34:36,2071.30,9,M
09:34:36,2071.00,11,B
09:34:36,2071.00,13,B
09:34:36,2071.30,1,M
09:34:36,2071.00,9,B
09:34:35,2071.00,1,B
09:34:35,2071.00,13,B
09:34:35,2071.10,1,B
09:34:35,2071.10,1,B
09:34:35,2071.10,2,B
09:34:34,2071.30,1,M
09:34:34,2071.30,1,M
09:34:34,2071.30,1,M
09:34:34,2071.30,2,M
09:34:34,2071.30,1,M
09:34:34,2071.30,12,M
09:34:34,2071.30,2,M
09:34:34,2071.30,6,M
09:34:34,2071.20,1,M
09:34:34,2071.10,1,M
09:34:34,2071.10,2,M
09:34:34,2071.00,1,M
09:34:34,2071.00,10,M
09:34:34,2071.00,1,M
09:34:34,2071.00,1,M
09:34:34,2071.00,1,M
09:34:34,2071.00,20,M
09:34:34,2071.00,1,M
09:34:34,2071.00,3,M
09:34:34,2071.00,1,M
09:34:34,2071.00,3,M
09:34:34,2071.00,2,M
09:34:34,2071.00,2,M
09:34:34,2071.00,1,M
09:34:34,2071.00,1,M
09:34:34,2071.00,1,M
09:34:34,2071.00,1,M
09:34:34,2071.00,6,M
09:34:34,2070.90,8,M
09:34:34,2070.90,20,M
09:34:34,2070.90,1,M
09:34:34,2070.90,3,M
09:34:34,2070.90,1,M
09:34:34,2070.80,1,M
09:34:34,2070.80,8,M
09:34:33,2070.90,1,M
09:34:33,2070.80,11,M
09:34:33,2070.80,1,M
09:34:33,2070.70,2,M
09:34:33,2070.70,26,M
09:34:33,2070.70,1,M
09:34:32,2070.70,1,M
09:34:32,2070.50,13,M
09:34:32,2070.50,1,M
09:34:32,2070.50,10,B
09:34:32,2070.50,1,B
09:34:32,2070.60,1,B
09:34:32,2070.60,4,B
09:34:32,2070.90,2,M
09:34:32,2070.90,2,M
09:34:32,2070.90,2,M
09:34:31,2070.90,1,M
09:34:31,2070.90,1,M
09:34:31,2070.90,5,M
09:34:31,2070.90,1,M
09:34:31,2070.90,2,M
09:34:30,2070.60,1,B
09:34:30,2070.60,1,B
09:34:29,2071.00,60,M
09:34:29,2071.00,11,M
09:34:29,2071.00,2,M
09:34:29,2071.00,11,M
09:34:29,2071.00,11,M
09:34:29,2071.00,2,M
09:34:29,2071.00,4,M
09:34:29,2070.90,1,M
09:34:29,2070.90,19,B
09:34:29,2071.00,1,M
09:34:29,2071.00,2,M
09:34:28,2071.00,1,M
09:34:28,2071.00,4,M
09:34:28,2071.00,1,M
09:34:28,2071.00,2,M
09:34:28,2071.00,1,M
09:34:28,2071.00,1,M
09:34:28,2071.00,2,M
09:34:28,2071.00,1,M
09:34:28,2071.00,1,M
09:34:28,2071.00,1,M
09:34:28,2070.90,2,B
09:34:28,2071.00,4,M
09:34:28,2071.00,5,M
09:34:28,2071.00,1,M
09:34:28,2071.00,1,M
09:34:28,2071.00,1,M
09:34:28,2071.00,5,M
09:34:28,2071.00,5,M
09:34:28,2071.00,1,M
09:34:28,2071.00,5,M
09:34:28,2071.00,1,M
09:34:27,2071.00,5,M
09:34:27,2071.00,1,M
09:34:27,2071.00,1,M
09:34:27,2071.00,21,M
09:34:27,2071.00,2,M
09:34:27,2071.00,1,M
09:34:27,2071.00,3,M
09:34:27,2071.00,1,M
09:34:27,2071.00,1,M
09:34:27,2071.00,1,M
09:34:27,2071.00,1,M
09:34:27,2071.00,1,M
09:34:27,2071.00,4,M
09:34:27,2071.00,2,M
09:34:27,2071.00,1,M
09:34:27,2070.90,1,M
09:34:27,2070.90,1,M
09:34:27,2070.90,3,M
09:34:27,2070.90,2,M
09:34:27,2070.90,1,M
09:34:27,2070.90,1,M
09:34:27,2070.90,1,M
09:34:27,2070.90,1,M
09:34:27,2070.90,1,M
09:34:27,2070.90,3,M
09:34:27,2070.90,5,M
09:34:27,2070.90,1,M
09:34:27,2070.90,4,M
09:34:27,2070.90,2,M
09:34:27,2070.60,1,B
09:34:27,2070.80,1,B
09:34:27,2070.90,1,M
09:34:27,2070.90,5,M
09:34:27,2070.90,5,M
09:34:27,2070.90,4,M
09:34:27,2070.90,1,M
09:34:26,2070.80,1,M
09:34:26,2070.80,2,M
09:34:26,2070.80,1,M
09:34:26,2070.80,1,M
09:34:26,2070.80,1,M
09:34:26,2070.80,9,M
09:34:26,2070.80,1,M
09:34:26,2070.30,1,B
09:34:26,2070.80,1,M
09:34:26,2070.80,1,M
09:34:26,2070.70,1,M
09:34:26,2070.70,1,M
09:34:26,2070.70,2,M
09:34:26,2070.70,1,M
09:34:26,2070.70,1,M
09:34:26,2070.60,1,M
09:34:26,2070.40,1,B
09:34:26,2070.40,13,B
09:34:26,2070.40,7,B
09:34:26,2070.50,1,B
09:34:26,2070.50,8,B
09:34:26,2070.50,2,B
09:34:26,2070.60,1,M
09:34:26,2070.60,1,M
09:34:26,2070.60,1,M
09:34:26,2070.60,3,M
09:34:26,2070.60,5,M
09:34:26,2070.60,2,M
09:34:26,2070.60,1,M
09:34:26,2070.60,1,M
09:34:26,2070.60,1,M
09:34:26,2070.50,1,M
09:34:26,2070.50,1,M
09:34:26,2070.50,1,M
09:34:26,2070.50,3,M
09:34:26,2070.50,1,M
09:34:26,2070.50,3,M
09:34:26,2070.50,89,M
09:34:26,2070.50,5,M
09:34:26,2070.50,1,M
09:34:26,2070.50,1,M
09:34:26,2070.50,4,M
09:34:26,2070.40,1,M
09:34:26,2070.40,1,M
09:34:26,2070.40,1,M
09:34:26,2070.40,2,M
09:34:26,2070.40,3,M
09:34:26,2070.40,1,M
09:34:26,2070.40,9,M
09:34:26,2070.40,5,M
09:34:26,2070.40,1,M
09:34:25,2070.40,9,M
09:34:25,2070.40,2,M
09:34:25,2070.40,2,M
09:34:25,2070.40,1,M
09:34:25,2070.40,1,M
09:34:25,2070.40,1,M
09:34:25,2070.40,1,M
09:34:25,2070.40,6,M
09:34:25,2070.40,1,M
09:34:25,2070.40,1,M
09:34:25,2070.30,1,M
09:34:25,2070.30,2,M
09:34:25,2070.30,1,M
09:34:25,2070.30,1,M
09:34:25,2070.30,3,M
09:34:25,2070.30,3,M
09:34:25,2070.30,2,M
09:34:25,2070.30,2,M
09:34:25,2070.30,1,M
09:34:25,2070.30,5,M
09:34:25,2070.30,1,M
09:34:25,2070.30,1,M
09:34:25,2070.30,4,M
09:34:25,2070.30,2,M
09:34:25,2070.30,2,M
09:34:25,2070.30,8,M
09:34:25,2070.30,4,M
09:34:25,2070.30,1,M
09:34:25,2070.30,2,M
09:34:25,2070.30,2,M
09:34:25,2070.30,5,M
09:34:25,2070.30,3,M
09:34:25,2070.30,7,M
09:34:24,2070.30,1,M
09:34:24,2070.30,1,M
09:34:24,2070.30,1,M
09:34:24,2070.30,1,M
09:34:24,2070.30,1,M
09:34:24,2070.30,1,M
09:34:24,2070.30,2,M
09:34:24,2070.30,1,M
09:34:24,2070.30,1,M
09:34:24,2070.30,3,M
09:34:24,2070.30,2,M
09:34:24,2070.30,2,M
09:34:24,2070.30,1,M
09:34:24,2070.30,1,M
09:34:24,2070.30,3,M
09:34:24,2070.30,1,M
09:34:24,2070.30,1,M
09:34:24,2070.30,6,M
09:34:24,2070.30,3,M
09:34:24,2070.30,4,M
09:34:24,2070.30,2,M
09:34:24,2070.30,6,M
09:34:24,2070.30,6,M
09:34:24,2070.30,10,M
09:34:24,2070.30,10,M
09:34:24,2070.30,6,M
09:34:24,2070.30,1,M
09:34:24,2070.30,2,M
09:34:24,2070.30,1,M
09:34:24,2070.30,1,M
09:34:24,2070.30,2,M
09:34:24,2070.30,3,M
09:34:24,2070.30,1,M
09:34:24,2070.30,1,M
09:34:24,2070.30,2,M
09:34:24,2070.30,1,M
09:34:24,2070.30,2,M
09:34:24,2070.30,1,M
09:34:24,2070.30,1,M
09:34:24,2070.30,2,M
09:34:24,2070.30,1,M
09:34:24,2070.30,2,M
09:34:24,2070.30,1,M
09:34:24,2070.30,1,M
09:34:24,2070.30,1,M
09:34:24,2070.30,1,M
09:34:24,2070.30,1,M
09:34:24,2070.30,1,M
09:34:24,2070.30,1,M
09:34:24,2070.30,2,M
09:34:24,2070.30,2,M
09:34:24,2070.30,2,M
09:34:24,2070.20,1,M
09:34:24,2070.30,2,M
09:34:24,2070.30,2,M
09:34:24,2070.30,3,M
09:34:24,2070.30,7,M
09:34:24,2070.30,7,M
09:34:24,2070.30,9,M
09:34:24,2070.30,2,M
09:34:23,2070.30,1,M
09:34:23,2070.30,5,M
09:34:22,2070.10,1,B
09:34:22,2070.20,1,B
09:34:22,2070.30,2,M
09:34:21,2070.30,1,M
09:34:21,2070.20,1,M
09:34:20,2070.30,2,M
09:34:20,2070.30,7,M
09:34:20,2070.30,7,M
09:34:20,2070.20,1,M
09:34:20,2070.20,1,M
09:34:20,2070.20,1,M
09:34:20,2070.20,2,M
09:34:20,2070.20,1,M
09:34:20,2070.20,1,M
09:34:20,2070.20,1,M
09:34:20,2070.20,1,M
09:34:20,2070.00,3,M
09:34:20,2070.00,1,M
09:34:20,2070.00,1,M
09:34:20,2069.70,1,B
09:34:20,2070.00,1,M
09:34:19,2070.00,5,M
09:34:19,2070.00,1,M
09:34:19,2070.00,1,M
09:34:19,2070.00,1,M
09:34:19,2070.00,2,M
09:34:19,2070.00,2,M
09:34:19,2070.00,4,M
09:34:19,2070.00,2,M
09:34:19,2070.00,4,M
09:34:19,2070.00,2,M
09:34:19,2070.00,1,M
09:34:19,2070.00,1,M
09:34:19,2070.00,10,M
09:34:19,2070.00,1,M
09:34:19,2070.00,1,M
09:34:19,2070.00,2,M
09:34:19,2070.00,1,M
09:34:19,2070.00,1,M
09:34:19,2070.00,3,M
09:34:19,2070.00,2,M
09:34:19,2070.00,1,M
09:34:19,2070.00,1,M
09:34:19,2070.00,2,M
09:34:19,2070.00,1,M
09:34:19,2070.00,1,M
09:34:19,2070.00,1,M
09:34:19,2070.00,1,M
09:34:19,2070.00,3,M
09:34:19,2070.00,10,M
09:34:19,2070.00,1,M
09:34:19,2070.00,83,M
09:34:19,2069.90,1,M
09:34:19,2069.90,1,M
09:34:19,2069.90,1,M
09:34:19,2069.90,1,M
09:34:19,2069.90,1,M
09:34:19,2069.90,10,M
09:34:19,2069.90,24,M
09:34:19,2069.80,8,M
09:34:19,2069.70,1,B
09:34:18,2069.70,1,B
09:34:18,2069.80,1,M
09:34:18,2069.70,1,B
09:34:17,2069.70,1,B
09:34:16,2069.70,1,B
09:34:12,2069.80,1,M
09:34:12,2069.70,1,B
09:34:12,2069.70,1,B
09:34:11,2069.70,13,M
09:34:11,2069.70,1,M
09:34:10,2069.70,1,M
09:34:09,2069.70,1,B
09:34:09,2069.70,1,B
09:34:09,2069.70,1,B
09:34:09,2069.90,1,M
09:34:08,2069.90,5,M
09:34:08,2069.70,1,B
09:34:08,2069.70,2,B
09:34:07,2069.70,1,B
09:34:06,2069.70,1,B
09:34:06,2069.90,1,B
09:34:06,2069.90,1,B
09:34:06,2069.90,1,B
09:34:06,2069.90,1,B
09:34:06,2069.90,1,B
09:34:06,2069.90,1,B
09:34:06,2069.90,1,B
09:34:05,2070.00,3,M
09:34:04,2070.00,1,M
09:34:03,2070.00,5,M
09:34:03,2069.90,1,B
09:34:03,2069.90,1,B
09:34:03,2069.90,2,B
09:34:03,2070.00,3,M
09:34:02,2069.90,3,B
09:34:02,2069.90,9,B
09:34:01,2069.90,1,B
09:34:01,2070.00,5,M
09:34:01,2070.00,1,M
09:34:00,2070.00,2,M
09:33:59,2070.00,10,M
09:33:59,2070.00,1,M
09:33:58,2070.00,28,M
09:33:58,2069.90,1,M
09:33:58,2069.90,11,M
09:33:58,2069.90,10,M
09:33:57,2069.70,1,B
09:33:57,2069.70,1,B
09:33:57,2069.90,5,M
09:33:56,2069.90,1,M
09:33:56,2069.90,4,M
09:33:56,2069.90,8,M
09:33:56,2069.90,12,M
09:33:56,2069.90,5,M
09:33:56,2069.70,2,B
09:33:56,2069.80,1,B
09:33:56,2069.80,2,B
09:33:55,2069.90,13,M
09:33:55,2069.90,2,M
09:33:55,2069.90,1,M
09:33:55,2069.90,9,M
09:33:55,2069.90,1,B
09:33:55,2069.90,10,B
09:33:54,2070.00,1,M
09:33:54,2070.00,1,M
09:33:54,2069.90,5,B
09:33:54,2069.90,9,B
09:33:54,2070.00,20,M
09:33:54,2069.90,1,B
09:33:54,2069.90,1,B
09:33:54,2069.90,1,B
09:33:54,2069.90,2,B
09:33:54,2070.00,5,M
09:33:53,2070.00,1,M
09:33:53,2070.00,2,M
09:33:53,2070.00,1,M
09:33:53,2070.00,3,M
09:33:52,2070.00,1,M
09:33:52,2069.80,2,M
09:33:52,2069.80,4,M
09:33:52,2069.80,1,M
09:33:52,2069.80,16,M
09:33:52,2069.80,2,M
09:33:52,2069.80,1,M
09:33:52,2069.70,1,B
09:33:52,2069.80,1,B
09:33:52,2069.80,9,B
09:33:52,2069.80,1,B
09:33:52,2069.90,5,B
09:33:52,2070.00,2,M
09:33:51,2070.00,1,M
09:33:51,2070.00,4,M
09:33:51,2070.00,6,M
09:33:51,2070.00,1,M
09:33:51,2070.00,2,M
09:33:51,2070.00,3,M
09:33:51,2070.00,2,M
09:33:50,2070.00,1,M
09:33:50,2070.00,1,M
09:33:50,2069.90,2,M
09:33:50,2069.90,2,M
09:33:50,2069.90,18,M
09:33:50,2069.90,4,M
09:33:50,2069.80,15,B
09:33:50,2069.80,20,M
09:33:49,2069.90,3,M
09:33:49,2069.90,2,M
09:33:49,2069.80,17,M
09:33:49,2069.80,5,M
09:33:48,2069.80,1,M
09:33:48,2069.80,5,M
09:33:48,2069.80,1,B
09:33:48,2069.80,1,B
09:33:48,2069.90,1,M
09:33:48,2069.90,1,M
09:33:47,2069.90,11,M
09:33:47,2069.90,1,M
09:33:47,2069.90,1,M
09:33:47,2069.90,3,M
09:33:47,2069.90,1,M
09:33:47,2069.90,1,M
09:33:47,2069.90,6,M
09:33:47,2069.90,6,M
09:33:46,2069.80,1,M
09:33:46,2069.80,1,M
09:33:46,2069.90,1,M
09:33:45,2069.90,1,M
09:33:44,2069.70,1,B
09:33:44,2069.70,2,B
09:33:44,2069.90,1,M
09:33:43,2069.70,2,B
09:33:43,2069.90,1,M
09:33:43,2069.90,1,M
09:33:43,2069.80,1,M
09:33:43,2069.80,1,M
09:33:43,2069.80,1,M
09:33:43,2069.80,1,M
09:33:43,2069.80,1,M
09:33:43,2069.80,1,M
09:33:41,2069.70,1,M
09:33:41,2069.60,1,M
09:33:41,2069.60,1,M
09:33:41,2069.60,20,M
09:33:41,2069.60,15,M
09:33:41,2069.60,2,M
09:33:40,2069.60,1,M
09:33:40,2069.60,19,M
09:33:40,2069.60,1,M
09:33:40,2069.60,1,M
09:33:40,2069.60,1,B
09:33:40,2069.60,6,B
09:33:40,2069.70,1,B
09:33:40,2069.70,1,B
09:33:40,2069.80,1,M
09:33:40,2069.80,1,M
09:33:40,2069.80,2,M
09:33:40,2069.70,2,M
09:33:40,2069.70,3,M
09:33:40,2069.70,3,M
09:33:40,2069.70,1,M
09:33:40,2069.70,3,M
09:33:40,2069.70,2,M
09:33:40,2069.70,1,M
09:33:40,2069.70,2,M
09:33:40,2069.70,2,M
09:33:40,2069.70,2,M
09:33:40,2069.70,2,M
09:33:40,2069.70,1,M
09:33:40,2069.70,1,M
09:33:40,2069.70,2,M
09:33:40,2069.70,3,M
09:33:40,2069.70,7,M
09:33:40,2069.70,1,M
09:33:40,2069.70,7,M
09:33:40,2069.70,12,M
09:33:40,2069.70,12,M
09:33:40,2069.70,1,M
09:33:40,2069.70,7,M
09:33:40,2069.70,6,M
09:33:40,2069.70,2,M
09:33:40,2069.70,5,M
09:33:40,2069.70,5,M
09:33:40,2069.70,14,M
09:33:40,2069.70,8,M
09:33:40,2069.70,8,M
09:33:40,2069.70,2,M
09:33:40,2069.70,1,M
09:33:40,2069.70,1,M
09:33:39,2069.70,1,M
09:33:39,2069.70,2,M
09:33:39,2069.70,3,M
09:33:39,2069.70,1,M
09:33:39,2069.70,14,M
09:33:39,2069.70,5,M
09:33:39,2069.60,2,B
09:33:37,2069.70,3,M
09:33:37,2069.70,5,M
09:33:37,2069.70,1,M
09:33:37,2069.60,2,M
09:33:37,2069.60,2,M
09:33:37,2069.60,1,M
09:33:36,2069.70,2,M
09:33:36,2069.70,2,M
09:33:36,2069.70,1,M
09:33:36,2069.70,2,M
09:33:36,2069.50,1,B
09:33:35,2069.70,1,M
09:33:35,2069.70,1,M
09:33:35,2069.70,1,M
09:33:35,2069.70,2,M
09:33:35,2069.70,1,M
09:33:35,2069.70,1,M
09:33:35,2069.60,22,M
09:33:35,2069.60,1,M
09:33:34,2069.60,2,M
09:33:34,2069.60,5,B
09:33:33,2069.70,1,M
09:33:33,2069.60,1,B
09:33:32,2069.60,2,M
09:33:32,2069.60,3,M
09:33:32,2069.60,1,M
09:33:32,2069.60,6,M
09:33:32,2069.60,10,M
09:33:32,2069.60,1,M
09:33:32,2069.60,1,M
09:33:32,2069.60,1,M
09:33:32,2069.60,1,M
09:33:31,2069.50,1,B
09:33:31,2069.60,1,M
09:33:31,2069.50,1,B
09:33:31,2069.50,1,M
09:33:31,2069.50,1,M
09:33:30,2069.50,15,M
09:33:30,2069.50,1,M
09:33:30,2069.50,2,M
09:33:30,2069.50,6,M
09:33:30,2069.50,4,M
09:33:30,2069.50,9,M
09:33:30,2069.50,5,M
09:33:30,2069.50,1,M
09:33:30,2069.50,1,M
09:33:30,2069.50,2,M
09:33:30,2069.50,2,M
09:33:30,2069.50,1,M
09:33:30,2069.50,2,M
09:33:30,2069.50,8,M
09:33:30,2069.50,9,M
09:33:30,2069.50,15,M
09:33:30,2069.50,2,M
09:33:30,2069.50,5,M
09:33:30,2069.40,2,M
09:33:30,2069.40,1,B
09:33:28,2069.50,4,M
09:33:28,2069.50,3,M
09:33:28,2069.50,8,M
09:33:28,2069.50,7,M
09:33:28,2069.50,2,M
09:33:28,2069.50,2,M
09:33:28,2069.50,5,M
09:33:28,2069.50,1,M
09:33:28,2069.50,10,M
09:33:28,2069.50,1,M
09:33:28,2069.50,1,M
09:33:28,2069.50,1,M
09:33:26,2069.20,1,B
09:33:26,2069.50,2,M
09:33:25,2069.20,9,B
09:33:25,2069.30,1,B
09:33:25,2069.30,1,B
09:33:24,2069.50,1,M
09:33:24,2069.50,5,M
09:33:24,2069.50,24,M
09:33:23,2069.40,5,M
09:33:23,2069.40,20,M
09:33:22,2069.40,1,M
09:33:22,2069.30,28,M
09:33:22,2069.30,1,M
09:33:22,2069.30,1,M
09:33:22,2069.30,1,M
09:33:22,2069.20,5,M
09:33:21,2069.20,1,M
09:33:21,2069.20,1,M
09:33:21,2069.20,1,M
09:33:20,2069.20,1,M
09:33:19,2069.20,1,M
09:33:18,2069.20,1,M
09:33:18,2069.00,1,B
09:33:17,2069.10,1,M
09:33:16,2069.10,1,M
09:33:15,2069.20,1,M
09:33:15,2069.10,1,B
09:33:14,2069.20,1,M
09:33:14,2069.10,1,B
09:33:14,2069.20,1,B
09:33:13,2069.30,1,M
09:33:12,2069.30,1,M
09:33:12,2069.20,1,B
09:33:11,2069.10,1,B
09:33:09,2069.40,29,M
09:33:09,2069.30,1,M
09:33:08,2069.30,1,M
09:33:08,2069.10,1,B
09:33:06,2068.80,1,B
09:33:06,2069.30,1,M
09:33:05,2068.80,1,B
09:33:05,2068.80,13,B
09:33:05,2068.80,1,B
09:33:05,2068.80,1,B
09:33:05,2068.90,1,B
09:33:05,2069.00,1,B
09:33:05,2069.00,1,B
09:33:05,2069.00,10,B
09:33:05,2069.10,1,B
09:33:05,2069.10,1,B
09:33:05,2069.20,1,B
09:33:04,2069.40,1,M
09:33:04,2069.40,1,M
09:33:04,2069.40,7,M
09:33:04,2069.40,3,M
09:33:04,2069.10,1,B
09:33:04,2069.10,2,B
09:33:04,2069.20,1,B
09:33:02,2069.40,1,M
09:33:01,2069.50,2,M
09:33:01,2069.40,1,M
09:33:00,2069.50,1,M
09:32:59,2069.50,3,M
09:32:59,2069.50,1,M
09:32:59,2069.50,9,M
09:32:59,2069.40,1,M
09:32:59,2069.30,11,M
09:32:59,2069.30,2,M
09:32:56,2069.30,1,M
09:32:56,2069.50,1,M
09:32:55,2069.40,1,M
09:32:55,2069.40,1,M
09:32:55,2069.40,3,M
09:32:55,2069.40,1,M
09:32:55,2069.30,11,M
09:32:54,2069.30,3,B
09:32:54,2069.30,1,B
09:32:53,2069.40,5,M
09:32:52,2069.40,21,M
09:32:52,2069.30,1,M
09:32:52,2069.30,30,M
09:32:52,2069.30,2,M
09:32:52,2069.30,3,M
09:32:52,2069.30,2,M
09:32:50,2068.90,1,B
09:32:49,2069.00,1,B
09:32:45,2069.30,8,M
09:32:45,2069.30,12,M
09:32:44,2069.30,8,M
09:32:44,2069.30,4,M
09:32:44,2069.30,1,M
09:32:44,2069.30,1,M
09:32:44,2069.30,1,M
09:32:44,2069.30,2,M
09:32:44,2069.30,1,M
09:32:44,2069.20,1,M
09:32:44,2069.20,1,M
09:32:44,2069.20,4,M
09:32:44,2069.20,1,M
09:32:44,2069.20,5,M
09:32:44,2069.20,5,M
09:32:44,2069.20,1,M
09:32:43,2069.20,14,M
09:32:43,2069.20,11,M
09:32:43,2069.20,5,M
09:32:43,2069.10,5,M
09:32:43,2069.10,10,M
09:32:43,2069.10,2,M
09:32:43,2069.10,5,M
09:32:42,2069.00,1,B
09:32:42,2069.00,29,M
09:32:42,2069.00,1,M
09:32:40,2069.00,1,B
09:32:40,2069.00,6,M
09:32:40,2069.00,8,M
09:32:35,2068.80,7,M
09:32:35,2068.80,1,B
09:32:35,2068.80,2,B
09:32:35,2068.80,2,B
09:32:35,2069.00,22,M
09:32:35,2069.00,1,M
09:32:35,2069.00,1,M
09:32:35,2069.00,1,M
09:32:35,2069.00,1,M
09:32:35,2069.00,1,M
09:32:35,2069.00,16,M
09:32:35,2069.00,1,M
09:32:35,2069.00,1,M
09:32:35,2069.00,1,M
09:32:35,2069.00,4,M
09:32:35,2069.00,1,M
09:32:35,2069.00,3,M
09:32:32,2069.00,1,M
09:32:32,2069.00,2,M
09:32:32,2069.00,1,M
09:32:32,2069.00,1,M
09:32:32,2069.00,5,M
09:32:32,2069.00,1,M
09:32:32,2069.00,1,M
09:32:32,2069.00,6,M
09:32:32,2069.00,1,M
09:32:31,2069.00,5,M
09:32:30,2069.00,3,M
09:32:28,2069.00,1,M
09:32:26,2068.80,1,B
09:32:26,2068.80,7,B
09:32:26,2069.00,4,M
09:32:24,2068.80,1,B
09:32:23,2068.90,3,M
09:32:23,2068.90,1,M
09:32:23,2068.90,10,M
09:32:23,2068.90,13,M
09:32:22,2068.90,7,M
09:32:22,2068.90,1,M
09:32:22,2068.80,15,M
09:32:22,2068.80,7,M
09:32:21,2068.80,1,M
09:32:20,2068.70,2,M
09:32:20,2068.70,1,M
09:32:20,2068.70,1,M
09:32:19,2068.60,2,B
09:32:18,2068.70,1,M
09:32:18,2068.70,3,M
09:32:18,2068.70,1,M
09:32:16,2068.70,1,M
09:32:16,2068.60,1,B
09:32:13,2068.70,1,B
09:32:12,2068.70,2,B
09:32:12,2068.70,1,B
09:32:10,2068.70,2,B
09:32:05,2068.60,4,B
09:32:04,2068.80,1,M
09:32:03,2068.80,1,M
09:32:03,2068.60,1,B
09:32:03,2068.60,1,B
09:31:57,2068.90,1,M
09:31:54,2068.60,1,B
09:31:54,2068.70,1,B
09:31:54,2068.70,1,B
09:31:53,2068.70,3,B
09:31:49,2068.70,17,B
09:31:49,2068.70,1,B
09:31:49,2068.80,1,B
09:31:49,2068.80,1,B
09:31:49,2068.80,10,B
09:31:48,2068.80,1,B
09:31:47,2068.90,1,M
09:31:46,2068.80,1,B
09:31:45,2069.00,1,M
09:31:45,2068.80,1,B
09:31:43,2068.80,2,B
09:31:43,2068.80,1,B
09:31:43,2068.80,1,B
09:31:43,2068.90,1,B
09:31:42,2069.00,3,M
09:31:41,2069.00,1,M
09:31:41,2069.00,1,M
09:31:38,2069.00,1,B
09:31:37,2069.00,4,B
09:31:37,2069.00,1,B
09:31:35,2069.10,1,M
09:31:32,2069.10,5,M
09:31:31,2068.90,1,B
09:31:31,2068.90,2,B
09:31:31,2069.10,1,M
09:31:31,2068.90,1,B
09:31:29,2069.10,2,M
09:31:29,2069.00,1,M
09:31:29,2069.00,1,M
09:31:27,2069.00,1,B
09:31:26,2069.00,1,B
09:31:26,2069.10,6,B
09:31:26,2069.10,1,B
09:31:24,2069.20,2,M
09:31:22,2069.10,1,M
09:31:22,2069.10,1,M
09:31:20,2069.20,1,M
09:31:19,2069.10,1,M
09:31:19,2069.00,2,M
09:31:18,2068.90,1,B
09:31:16,2068.90,5,M
09:31:13,2069.10,1,M
09:31:13,2069.00,1,M
09:31:12,2069.20,1,M
09:31:12,2069.20,1,M
09:31:12,2069.20,3,M
09:31:12,2069.20,2,M
09:31:12,2069.20,1,M
09:31:12,2069.20,1,M
09:31:11,2068.60,1,B
09:31:11,2068.80,1,B
09:31:10,2069.30,4,M
09:31:10,2069.20,1,M
09:31:10,2069.00,8,M
09:31:10,2069.00,10,M
09:31:10,2069.00,3,M
09:31:10,2068.90,1,M
09:31:10,2068.90,3,M
09:31:10,2068.50,3,B
09:31:10,2068.50,1,B
09:31:10,2068.50,1,B
09:31:10,2068.50,1,B
09:31:10,2068.50,1,B
09:31:10,2068.80,3,B
09:31:09,2068.80,1,B
09:31:09,2068.80,1,M
09:31:09,2068.90,1,M
09:31:09,2068.90,4,M
09:31:09,2068.90,1,M
09:31:09,2068.80,1,M
09:31:09,2068.80,1,M
09:31:09,2068.80,2,M
09:31:09,2068.80,10,M
09:31:09,2068.80,4,M
09:31:09,2068.80,4,M
09:31:09,2068.80,1,M
09:31:09,2068.80,1,M
09:31:08,2068.50,1,B
09:31:08,2068.50,1,B
09:31:08,2068.50,1,B
09:31:08,2068.50,1,B
09:31:08,2068.50,2,B
09:31:08,2068.80,2,M
09:31:08,2068.80,1,M
09:31:08,2068.80,1,M
09:31:08,2068.80,1,M
09:31:08,2068.50,1,B
09:31:08,2068.50,2,B
09:31:08,2068.50,1,B
09:31:08,2068.80,1,M
09:31:07,2068.50,4,B
09:31:07,2068.50,1,B
09:31:07,2068.50,1,B
09:31:07,2068.50,2,B
09:31:06,2068.70,1,M
09:31:06,2068.50,1,B
09:31:06,2068.50,1,B
09:31:06,2068.50,2,B
09:31:06,2068.50,1,B
09:31:06,2068.50,1,B
09:31:05,2068.50,1,B
09:31:05,2068.50,1,B
09:31:05,2068.50,1,B
09:31:05,2068.50,18,B
09:31:04,2068.50,5,B
09:31:03,2068.50,1,B
09:31:02,2068.50,20,B
09:31:02,2068.50,6,B
09:31:02,2068.50,1,B
09:31:02,2068.50,1,B
09:31:02,2068.50,1,B
09:31:02,2068.60,13,B
09:31:02,2068.60,1,M
09:31:01,2068.50,2,B
09:31:01,2068.50,1,B
09:31:01,2068.50,8,B
09:31:01,2068.60,1,B
09:31:01,2068.60,1,B
09:31:01,2068.60,1,B
09:31:01,2068.60,1,B
09:31:01,2068.60,1,B
09:31:01,2068.60,5,B
09:31:01,2068.60,1,B
09:31:01,2068.60,1,B
09:31:01,2068.60,1,B
09:31:01,2068.60,1,B
09:31:00,2068.60,1,B
09:30:59,2068.80,1,M
09:30:59,2068.70,4,B
09:30:58,2068.70,4,B
09:30:57,2068.70,1,B
09:30:56,2068.70,1,B
09:30:56,2068.70,1,B
09:30:54,2068.70,1,B
09:30:54,2068.70,1,B
09:30:54,2068.70,1,B
09:30:54,2068.70,1,B
09:30:54,2068.70,1,B
09:30:52,2068.80,1,B
09:30:52,2068.80,1,B
09:30:51,2068.80,1,B
09:30:51,2068.90,1,M
09:30:50,2068.80,1,B
09:30:49,2068.80,25,B
09:30:48,2068.80,1,B
09:30:47,2068.90,3,B
09:30:47,2069.00,1,B
09:30:47,2069.00,2,B
09:30:46,2068.90,3,B
09:30:45,2069.50,8,M
09:30:45,2069.20,1,M
09:30:45,2069.00,1,M
09:30:45,2068.80,1,B
09:30:45,2068.80,5,B
09:30:43,2068.80,1,B
09:30:43,2068.80,1,B
09:30:43,2068.80,1,B
09:30:43,2068.80,1,B
09:30:43,2068.90,3,B
09:30:43,2068.90,1,B
09:30:43,2069.20,10,M
09:30:43,2069.10,20,M
09:30:42,2069.00,3,M
09:30:42,2069.00,2,B
09:30:42,2069.00,1,B
09:30:42,2069.00,1,B
09:30:42,2069.00,5,B
09:30:42,2069.00,1,B
09:30:42,2069.00,1,B
09:30:42,2069.00,2,B
09:30:42,2069.00,4,B
09:30:41,2069.00,1,B
09:30:41,2069.00,1,B
09:30:41,2069.00,1,B
09:30:41,2069.00,1,B
09:30:41,2069.00,12,B
09:30:41,2069.00,1,B
09:30:41,2069.00,3,B
09:30:41,2069.00,1,B
09:30:41,2069.00,1,B
09:30:41,2069.10,1,B
09:30:41,2069.10,1,B
09:30:41,2069.10,1,B
09:30:41,2069.10,1,B
09:30:41,2069.20,2,B
09:30:41,2069.20,1,B
09:30:41,2069.20,20,B
09:30:41,2069.20,1,B
09:30:41,2069.20,1,B
09:30:40,2069.30,3,B
09:30:40,2069.30,1,B
09:30:40,2069.30,2,B
09:30:40,2069.40,2,B
09:30:36,2069.30,6,B
09:30:36,2069.50,2,M
09:30:36,2069.40,1,M
09:30:36,2069.40,1,M
09:30:36,2069.40,5,M
09:30:36,2069.40,1,M
09:30:33,2069.40,8,M
09:30:32,2069.40,1,M
09:30:31,2069.50,7,M
09:30:31,2069.50,2,M
09:30:31,2069.40,1,M
09:30:28,2069.40,5,M
09:30:28,2069.30,1,B
09:30:25,2069.40,1,M
09:30:25,2069.40,1,B
09:30:25,2069.50,1,M
09:30:25,2069.50,13,M
09:30:24,2069.40,20,M
09:30:24,2069.40,12,M
09:30:23,2069.30,1,B
09:30:23,2069.30,1,B
09:30:21,2069.40,1,M
09:30:19,2069.40,1,M
09:30:19,2069.40,1,B
09:30:18,2069.30,1,B
09:30:18,2069.30,2,B
09:30:15,2069.50,2,M
09:30:09,2069.30,1,M
09:30:09,2069.30,1,B
09:30:08,2069.30,1,B
09:30:08,2069.70,1,M
09:30:08,2069.70,3,M
09:30:08,2069.60,1,M
09:30:08,2069.60,1,M
09:30:07,2069.30,1,B
09:30:07,2069.30,1,M
09:30:07,2069.30,1,M
09:30:07,2069.20,1,B
09:30:07,2069.70,1,M
09:30:06,2069.30,1,B
09:30:05,2069.30,1,B
09:30:02,2069.30,1,M
09:30:02,2069.30,1,M
09:30:01,2069.30,1,B
09:30:00,2069.20,1,B
09:30:00,2069.20,1,B
09:29:59,2069.70,4,M
09:29:59,2069.70,2,M
09:29:58,2069.30,2,B
09:29:58,2069.50,1,B
09:29:58,2069.50,1,B
09:29:58,2069.50,1,B
09:29:58,2069.50,1,M
09:29:57,2069.30,1,M
09:29:57,2069.30,2,M
09:29:57,2069.30,1,M
09:29:57,2069.30,1,B
09:29:57,2069.30,6,B
09:29:56,2069.60,1,M
09:29:56,2069.30,1,B
09:29:55,2069.30,1,B
09:29:55,2069.40,2,B
09:29:51,2069.70,5,M
09:29:50,2069.70,1,M
09:29:50,2069.40,1,B
09:29:49,2069.40,3,B
09:29:49,2069.40,1,B
09:29:49,2069.50,1,B
09:29:49,2069.50,1,B
09:29:49,2069.70,2,M
09:29:48,2069.70,1,M
09:29:45,2069.80,1,M
09:29:44,2069.70,2,M
09:29:44,2069.70,3,M
09:29:44,2069.70,1,M
09:29:44,2069.70,2,M
09:29:44,2069.60,10,B
09:29:44,2069.60,4,B
09:29:44,2069.70,1,M
09:29:44,2069.60,1,M
09:29:44,2069.60,1,M
09:29:44,2069.50,10,M
09:29:44,2069.50,1,M
09:29:44,2069.50,1,M
09:29:44,2069.50,2,M
09:29:42,2069.40,18,M
09:29:38,2069.40,1,M
09:29:38,2069.40,1,M
09:29:37,2069.50,1,M
09:29:37,2069.40,1,B
09:29:36,2069.50,1,M
09:29:36,2069.50,1,M
09:29:36,2069.40,1,M
09:29:35,2069.50,5,M
09:29:33,2069.10,18,M
09:29:33,2069.10,3,M
09:29:33,2069.10,2,M
09:29:33,2069.10,1,M
09:29:33,2069.10,5,B
09:29:33,2069.10,1,B
09:29:33,2069.30,1,B
09:29:33,2069.30,2,B
09:29:33,2069.30,1,B
09:29:33,2069.40,2,B
09:29:32,2069.50,4,M
09:29:32,2069.50,4,M
09:29:32,2069.40,1,M
09:29:32,2069.40,1,M
09:29:31,2069.50,2,M
09:29:31,2069.30,1,B
09:29:30,2069.70,7,M
09:29:30,2069.70,6,M
09:29:30,2069.70,4,M
09:29:30,2069.60,2,M
09:29:30,2069.60,2,M
09:29:30,2069.60,2,M
09:29:30,2069.60,1,M
09:29:30,2069.60,1,M
09:29:29,2069.60,1,M
09:29:29,2069.60,1,M
09:29:28,2069.60,1,M
09:29:28,2069.40,1,M
09:29:28,2069.40,1,M
09:29:28,2069.40,1,M
09:29:28,2069.40,4,M
09:29:27,2069.40,2,M
09:29:27,2069.40,9,M
09:29:26,2069.40,1,B
09:29:26,2069.40,1,B
09:29:26,2069.50,10,B
09:29:26,2069.50,1,M
09:29:26,2069.50,1,M
09:29:26,2069.50,4,M
09:29:26,2069.50,1,M
09:29:26,2069.50,1,M
09:29:26,2069.50,1,M
09:29:26,2069.50,1,M
09:29:26,2069.50,1,M
09:29:26,2069.50,4,M
09:29:26,2069.50,1,M
09:29:26,2069.50,3,M
09:29:26,2069.50,1,M
09:29:26,2069.50,8,M
09:29:26,2069.50,7,M
09:29:26,2069.50,2,M
09:29:26,2069.50,1,M
09:29:26,2069.50,3,M
09:29:26,2069.50,1,M
09:29:25,2069.50,2,M
09:29:24,2069.40,1,B
09:29:24,2069.40,1,B
09:29:24,2069.50,1,M
09:29:24,2069.50,1,M
09:29:24,2069.40,1,M
09:29:24,2069.40,3,M
09:29:24,2069.40,3,M
09:29:24,2069.40,1,M
09:29:24,2069.40,3,M
09:29:24,2069.40,2,M
09:29:24,2069.40,6,M
09:29:23,2069.30,5,M
09:29:23,2069.30,5,M
09:29:23,2069.30,1,M
09:29:23,2069.30,1,M
09:29:23,2069.30,3,M
09:29:22,2069.30,1,M
09:29:22,2069.30,1,M
09:29:21,2069.30,10,M
09:29:21,2069.30,1,M
09:29:21,2069.20,1,M
09:29:21,2069.30,4,M
09:29:21,2069.30,5,M
09:29:20,2069.30,1,M
09:29:19,2069.30,1,M
09:29:19,2069.30,1,M
09:29:18,2069.30,1,M
09:29:17,2069.00,1,B
09:29:16,2069.20,1,M
09:29:16,2069.00,1,B
09:29:16,2069.10,1,B
09:29:15,2069.10,1,B
09:29:12,2069.00,1,B
09:29:10,2069.10,1,B
09:29:10,2069.20,1,M
09:29:09,2069.20,1,M
09:29:09,2069.00,2,B
09:29:09,2069.00,3,B
09:29:08,2069.00,1,B
09:29:07,2069.00,12,B
09:29:06,2069.10,1,M
09:29:06,2069.10,5,M
09:29:05,2069.00,1,M
09:29:05,2069.00,6,M
09:29:01,2069.00,1,B
09:29:00,2068.80,1,B
09:29:00,2068.80,1,B
09:29:00,2069.00,1,B
09:29:00,2069.00,1,B
09:28:58,2069.30,1,M
09:28:58,2069.20,1,M
09:28:58,2069.10,1,M
09:28:58,2069.00,2,M
09:28:57,2069.00,3,M
09:28:56,2068.90,1,B
09:28:56,2069.10,3,B
09:28:55,2069.10,1,B
09:28:55,2069.10,1,B
09:28:55,2069.30,1,M
09:28:55,2069.10,4,B
09:28:55,2069.20,1,M
