Time,Price,Volume,Side
09:34:11,1970.20,3,B
09:34:11,1970.30,1,M
09:34:10,1970.30,3,M
09:34:10,1970.30,1,M
09:34:08,1970.00,1,B
09:34:08,1970.00,1,B
09:34:08,1970.00,1,B
09:34:08,1970.10,3,B
09:34:08,1970.10,1,B
09:34:07,1970.40,4,M
09:34:06,1970.10,1,B
09:34:05,1970.10,5,B
09:34:05,1970.10,2,B
09:34:05,1970.10,2,B
09:34:04,1970.10,1,B
09:34:03,1970.10,2,B
09:34:02,1970.10,1,B
09:34:02,1970.10,1,B
09:34:02,1970.20,1,B
09:34:01,1970.50,2,M
09:34:00,1970.50,4,M
09:34:00,1970.50,4,M
09:34:00,1970.50,1,M
09:34:00,1970.40,1,M
09:34:00,1970.40,1,M
09:34:00,1970.40,1,M
09:34:00,1970.30,5,M
09:34:00,1970.30,1,M
09:34:00,1970.30,1,M
09:34:00,1970.10,1,B
09:34:00,1969.90,1,B
09:33:59,1969.90,1,B
09:33:59,1969.90,1,B
09:33:59,1970.00,1,B
09:33:59,1970.10,1,B
09:33:58,1970.30,1,B
09:33:58,1970.30,1,B
09:33:57,1970.30,1,B
09:33:57,1970.40,1,M
09:33:57,1970.30,1,M
09:33:57,1970.30,1,M
09:33:57,1970.30,1,M
09:33:57,1970.30,10,M
09:33:57,1970.30,1,M
09:33:57,1970.20,1,M
09:33:56,1969.80,1,B
09:33:56,1970.20,1,M
09:33:56,1970.20,1,M
09:33:55,1969.80,4,B
09:33:55,1970.20,1,M
09:33:55,1970.20,1,M
09:33:55,1970.00,1,B
09:33:55,1970.00,1,B
09:33:55,1970.20,2,M
09:33:55,1970.20,1,M
09:33:55,1970.20,1,B
09:33:55,1970.30,2,M
09:33:54,1970.30,3,M
09:33:54,1970.30,1,M
09:33:54,1970.30,1,M
09:33:53,1970.30,2,B
09:33:53,1970.60,1,B
09:33:53,1970.60,1,B
09:33:53,1970.60,1,B
09:33:53,1970.70,1,M
09:33:53,1970.80,1,M
09:33:53,1970.80,1,M
09:33:53,1970.70,1,M
09:33:53,1970.60,1,M
09:33:53,1970.60,1,M
09:33:53,1970.50,3,M
09:33:53,1970.50,1,M
09:33:52,1970.50,1,M
09:33:52,1970.50,1,M
09:33:50,1970.50,1,M
09:33:49,1970.50,1,M
09:33:48,1970.30,2,B
09:33:48,1970.50,1,M
09:33:47,1970.50,2,M
09:33:47,1970.50,2,M
09:33:47,1970.50,1,M
09:33:46,1970.50,1,M
09:33:45,1970.30,1,B
09:33:45,1970.50,1,M
09:33:45,1970.50,1,M
09:33:44,1970.30,2,B
09:33:44,1970.30,4,B
09:33:44,1970.30,14,B
09:33:44,1970.40,1,B
09:33:44,1970.40,1,B
09:33:43,1970.40,1,M
09:33:43,1970.40,1,M
09:33:42,1970.20,1,M
09:33:42,1970.20,1,M
09:33:42,1970.20,5,M
09:33:42,1970.20,1,M
09:33:42,1970.10,1,M
09:33:42,1970.10,1,M
09:33:42,1970.00,4,M
09:33:42,1970.00,2,M
09:33:42,1970.00,1,M
09:33:42,1970.00,1,M
09:33:42,1970.00,1,M
09:33:42,1970.00,1,M
09:33:42,1969.90,1,M
09:33:42,1969.90,5,M
09:33:41,1969.70,1,B
09:33:41,1969.70,1,B
09:33:41,1969.80,1,M
09:33:41,1969.80,1,M
09:33:41,1969.80,3,M
09:33:41,1969.80,12,M
09:33:41,1969.80,1,M
09:33:41,1969.70,7,M
09:33:40,1969.60,1,B
09:33:40,1969.70,1,M
09:33:39,1969.70,2,M
09:33:38,1969.60,2,B
09:33:38,1969.80,1,M
09:33:37,1969.80,1,M
09:33:37,1969.80,1,M
09:33:37,1969.80,1,M
09:33:36,1969.80,1,M
09:33:36,1969.70,1,M
09:33:36,1969.70,1,M
09:33:36,1969.50,1,M
09:33:36,1969.50,1,M
09:33:36,1969.30,1,M
09:33:36,1969.30,1,M
09:33:36,1969.30,4,M
09:33:35,1969.30,1,M
09:33:35,1969.20,1,B
09:33:34,1969.20,1,B
09:33:32,1969.30,9,M
09:33:31,1969.30,1,M
09:33:31,1969.30,3,M
09:33:30,1969.20,1,B
09:33:30,1969.30,10,B
09:33:29,1969.20,1,B
09:33:28,1969.20,1,B
09:33:28,1969.50,1,M
09:33:28,1969.20,2,B
09:33:28,1969.20,1,B
09:33:28,1969.20,1,B
09:33:26,1969.50,3,M
09:33:25,1969.30,1,M
09:33:24,1969.30,1,M
09:33:24,1969.20,1,B
09:33:24,1969.20,1,B
09:33:24,1969.20,1,B
09:33:24,1969.20,1,B
09:33:23,1969.20,2,B
09:33:23,1969.20,1,B
09:33:22,1969.20,5,B
09:33:22,1969.20,1,B
09:33:22,1969.20,1,B
09:33:22,1969.20,1,B
09:33:22,1969.20,1,B
09:33:22,1969.30,2,M
09:33:22,1969.30,1,M
09:33:22,1969.30,1,M
09:33:22,1969.30,1,M
09:33:22,1969.20,1,B
09:33:21,1969.20,1,B
09:33:21,1969.20,2,B
09:33:19,1969.30,1,M
09:33:19,1969.30,2,B
09:33:19,1969.40,1,B
09:33:18,1969.30,3,B
09:33:18,1969.30,1,B
09:33:18,1969.40,1,B
09:33:18,1969.40,3,B
09:33:17,1969.90,1,M
09:33:17,1969.90,6,M
09:33:17,1969.80,1,M
09:33:17,1969.70,1,M
09:33:17,1969.70,1,M
09:33:17,1969.70,1,M
09:33:17,1969.50,1,M
09:33:17,1969.50,5,M
09:33:17,1969.50,9,M
09:33:17,1969.40,1,M
09:33:17,1969.20,3,B
09:33:17,1969.30,1,B
09:33:16,1969.40,1,M
09:33:15,1969.70,1,M
09:33:15,1969.70,1,M
09:33:15,1969.70,1,M
09:33:15,1969.70,1,M
09:33:15,1969.60,1,M
09:33:15,1969.60,1,M
09:33:15,1969.60,1,M
09:33:14,1969.10,1,B
09:33:14,1969.10,1,B
09:33:14,1969.30,1,B
09:33:14,1969.30,1,B
09:33:14,1969.30,1,B
09:33:14,1969.30,1,B
09:33:14,1969.40,1,B
09:33:14,1969.40,1,B
09:33:14,1969.40,2,B
09:33:14,1969.40,5,B
09:33:14,1969.60,5,B
09:33:14,1969.90,17,M
09:33:14,1969.60,1,B
09:33:14,1969.80,1,B
09:33:13,1969.90,2,B
09:33:13,1969.90,1,B
09:33:13,1970.00,3,M
09:33:13,1969.90,1,B
09:33:13,1970.00,5,M
09:33:13,1969.90,1,B
09:33:13,1970.00,4,M
09:33:13,1970.00,16,M
09:33:13,1970.00,1,M
09:33:12,1970.00,2,B
09:33:12,1970.00,1,B
09:33:12,1970.00,1,B
09:33:12,1970.00,14,B
09:33:12,1970.00,1,B
09:33:11,1970.00,1,B
09:33:11,1970.00,1,B
09:33:11,1970.00,6,B
09:33:10,1970.10,17,M
09:33:09,1970.00,1,B
09:33:09,1970.10,5,M
09:33:09,1970.10,1,M
09:33:09,1970.00,3,B
09:33:08,1970.10,2,M
09:33:07,1970.00,1,B
09:33:06,1970.10,12,M
09:33:06,1970.10,3,M
09:33:06,1970.10,2,M
09:33:06,1970.00,2,B
09:33:06,1970.00,3,B
09:33:06,1970.00,2,M
09:33:05,1970.00,1,M
09:33:05,1969.80,1,B
09:33:05,1970.00,5,M
09:33:05,1969.90,1,M
09:33:05,1969.90,1,B
09:33:04,1970.00,1,B
09:33:04,1970.00,1,B
09:33:04,1970.00,2,B
09:33:04,1970.00,10,B
09:33:03,1970.00,10,B
09:33:03,1970.00,1,B
09:33:02,1970.00,3,B
09:33:02,1970.00,1,M
09:33:01,1970.00,2,M
09:33:01,1970.00,1,M
09:33:01,1970.00,1,M
09:33:01,1970.00,1,M
09:33:00,1969.90,1,B
09:33:00,1969.90,1,B
09:32:58,1969.90,1,M
09:32:58,1970.10,4,M
09:32:58,1970.10,1,M
09:32:58,1970.00,1,M
09:32:58,1970.00,1,M
09:32:58,1969.90,1,M
09:32:58,1969.90,1,M
09:32:58,1969.40,1,M
09:32:58,1969.40,1,M
09:32:58,1969.40,1,M
09:32:58,1969.30,1,B
09:32:58,1969.30,1,B
09:32:58,1969.40,6,M
09:32:58,1969.50,1,B
09:32:58,1969.60,1,B
09:32:58,1969.70,1,B
09:32:58,1970.10,2,B
09:32:57,1970.20,1,M
09:32:57,1970.00,1,M
09:32:57,1970.00,3,M
09:32:57,1970.00,1,M
09:32:57,1970.00,1,M
09:32:57,1970.00,1,M
09:32:57,1970.00,2,M
09:32:57,1969.70,1,M
09:32:57,1969.70,1,M
09:32:57,1969.70,1,M
09:32:57,1969.70,1,M
09:32:57,1969.60,1,M
09:32:57,1969.60,1,M
09:32:57,1969.60,1,M
09:32:57,1969.50,1,M
09:32:57,1969.50,1,M
09:32:57,1969.50,1,M
09:32:57,1969.40,1,M
09:32:57,1969.40,1,M
09:32:57,1969.40,1,M
09:32:57,1969.30,1,M
09:32:57,1969.20,1,M
09:32:57,1969.10,1,M
09:32:57,1969.10,1,M
09:32:57,1969.00,1,M
09:32:57,1969.00,1,M
09:32:57,1969.00,1,M
09:32:57,1969.00,2,M
09:32:57,1969.00,2,M
09:32:57,1968.90,1,M
09:32:57,1968.90,1,M
09:32:57,1968.90,7,M
09:32:56,1968.90,1,M
09:32:55,1968.90,1,M
09:32:55,1968.80,1,M
09:32:55,1968.80,1,M
09:32:55,1968.80,1,M
09:32:54,1968.70,1,B
09:32:53,1968.80,1,M
09:32:52,1968.80,1,M
09:32:52,1968.70,1,B
09:32:51,1968.80,1,M
09:32:51,1968.70,2,M
09:32:51,1968.70,1,M
09:32:51,1968.60,1,M
09:32:51,1968.60,1,M
09:32:50,1968.30,1,B
09:32:49,1968.60,2,M
09:32:49,1968.60,1,M
09:32:49,1968.40,1,M
09:32:49,1968.30,1,B
09:32:49,1968.30,1,B
09:32:48,1968.20,3,B
09:32:48,1968.70,2,M
09:32:48,1968.10,6,B
09:32:48,1968.20,2,B
09:32:48,1968.20,2,M
09:32:48,1968.10,1,B
09:32:48,1968.20,1,M
09:32:47,1968.20,1,M
09:32:47,1968.10,1,M
09:32:47,1968.10,1,M
09:32:47,1968.00,2,M
09:32:47,1968.10,1,M
09:32:47,1968.10,1,M
09:32:47,1968.00,9,M
09:32:47,1968.00,1,M
09:32:47,1968.00,9,M
09:32:47,1967.80,1,M
09:32:47,1967.60,4,M
09:32:47,1967.60,1,B
09:32:47,1967.70,1,B
09:32:47,1967.80,1,M
09:32:47,1967.80,1,M
09:32:46,1967.80,1,M
09:32:46,1967.70,3,B
09:32:46,1967.90,1,M
09:32:46,1967.80,3,B
09:32:45,1967.90,1,M
09:32:45,1967.70,1,B
09:32:45,1967.80,1,B
09:32:45,1967.90,2,M
09:32:45,1968.00,10,M
09:32:45,1968.00,1,M
09:32:45,1967.80,1,B
09:32:45,1967.80,1,B
09:32:45,1967.80,1,B
09:32:45,1967.80,1,B
09:32:45,1967.90,2,B
09:32:44,1967.90,1,B
09:32:44,1968.20,1,B
09:32:44,1968.30,2,M
09:32:43,1968.30,1,M
09:32:43,1967.90,4,B
09:32:43,1968.00,1,B
09:32:43,1968.00,10,B
09:32:43,1968.00,2,B
09:32:43,1968.00,2,B
09:32:43,1968.00,1,B
09:32:43,1968.00,1,B
09:32:43,1968.00,1,B
09:32:43,1968.00,1,B
09:32:43,1968.00,2,B
09:32:43,1968.00,1,B
09:32:43,1968.00,2,B
09:32:43,1968.00,3,B
09:32:43,1968.00,1,B
09:32:43,1968.00,1,B
09:32:43,1968.00,1,B
09:32:43,1968.00,1,B
09:32:43,1968.00,2,B
09:32:43,1968.00,1,B
09:32:43,1968.00,1,B
09:32:43,1968.00,1,B
09:32:43,1968.00,2,B
09:32:43,1968.00,1,B
09:32:43,1968.00,1,B
09:32:43,1968.00,1,B
09:32:43,1968.00,2,B
09:32:43,1968.00,3,B
09:32:43,1968.00,1,B
09:32:43,1968.00,1,B
09:32:43,1968.00,1,B
09:32:43,1968.00,1,B
09:32:43,1968.00,2,B
09:32:43,1968.00,2,B
09:32:43,1968.00,5,B
09:32:43,1968.00,1,B
09:32:43,1968.00,2,B
09:32:43,1968.00,12,B
09:32:43,1968.00,21,B
09:32:43,1968.30,2,M
09:32:42,1968.20,1,M
09:32:42,1968.00,2,B
09:32:42,1968.20,1,M
09:32:42,1968.20,2,M
09:32:42,1968.00,20,B
09:32:42,1968.00,19,B
09:32:42,1968.10,1,B
09:32:42,1968.00,15,B
09:32:42,1968.10,5,B
09:32:42,1968.20,1,M
09:32:41,1968.00,1,B
09:32:41,1968.00,1,B
09:32:41,1968.00,1,B
09:32:41,1968.00,1,B
09:32:41,1968.00,7,B
09:32:41,1968.00,14,B
09:32:41,1968.00,1,B
09:32:41,1968.00,5,B
09:32:41,1968.10,1,B
09:32:41,1968.10,2,B
09:32:41,1968.10,1,B
09:32:41,1968.10,1,B
09:32:41,1968.10,1,B
09:32:41,1968.10,1,B
09:32:41,1968.10,2,B
09:32:41,1968.10,1,B
09:32:41,1968.20,3,M
09:32:41,1968.10,1,B
09:32:40,1968.20,1,B
09:32:40,1968.20,2,B
09:32:40,1968.20,3,B
09:32:40,1968.30,1,B
09:32:40,1968.30,1,B
09:32:40,1968.50,2,M
09:32:40,1968.50,2,M
09:32:40,1968.50,1,M
09:32:40,1968.30,8,B
09:32:39,1968.50,3,B
09:32:39,1968.80,1,M
09:32:38,1968.80,1,M
09:32:38,1968.50,1,B
09:32:37,1968.50,1,B
09:32:37,1968.90,12,M
09:32:37,1968.50,1,B
09:32:37,1968.50,1,B
09:32:37,1968.70,1,B
09:32:37,1968.90,22,B
09:32:37,1969.00,1,B
09:32:37,1969.00,6,B
09:32:37,1969.00,1,B
09:32:37,1969.00,2,B
09:32:36,1969.00,3,M
09:32:36,1969.00,3,M
09:32:36,1969.00,10,M
09:32:36,1968.90,1,B
09:32:36,1968.90,1,B
09:32:35,1968.90,1,B
09:32:35,1969.00,5,M
09:32:35,1969.00,18,M
09:32:35,1968.80,1,M
09:32:35,1968.80,1,B
09:32:35,1968.90,1,B
09:32:35,1968.90,1,B
09:32:34,1968.90,2,B
09:32:34,1968.90,1,B
09:32:34,1968.90,1,B
09:32:34,1969.00,5,B
09:32:34,1969.00,1,B
09:32:34,1969.00,10,B
09:32:34,1969.00,3,B
09:32:34,1969.00,1,B
09:32:34,1969.00,1,B
09:32:34,1969.00,3,B
09:32:34,1969.00,1,B
09:32:34,1969.00,1,B
09:32:34,1969.00,5,B
09:32:34,1969.00,1,B
09:32:34,1969.00,1,B
09:32:34,1969.10,2,B
09:32:34,1969.10,1,B
09:32:34,1969.20,2,B
09:32:34,1969.20,1,B
09:32:34,1969.20,1,B
09:32:34,1969.20,1,B
09:32:34,1969.20,13,B
09:32:33,1969.30,4,M
09:32:33,1969.20,1,B
09:32:32,1969.30,2,M
09:32:32,1969.30,3,M
09:32:32,1969.20,1,B
09:32:32,1969.30,1,M
09:32:31,1969.30,1,B
09:32:31,1969.30,2,B
09:32:31,1969.40,2,B
09:32:31,1969.50,1,B
09:32:31,1969.60,1,M
09:32:31,1969.50,1,M
09:32:31,1969.40,3,B
09:32:30,1969.50,1,M
09:32:30,1969.50,2,M
09:32:30,1969.40,2,B
09:32:30,1969.40,1,B
09:32:30,1969.40,1,B
09:32:30,1969.40,1,B
09:32:30,1969.40,2,B
09:32:29,1969.30,1,B
09:32:29,1969.30,1,B
09:32:28,1969.50,1,B
09:32:28,1969.50,1,B
09:32:28,1969.40,2,M
09:32:28,1969.40,1,M
09:32:27,1969.30,1,B
09:32:27,1969.30,1,B
09:32:27,1969.30,1,B
09:32:27,1969.30,1,B
09:32:27,1969.50,1,B
09:32:27,1969.50,2,B
09:32:27,1969.50,1,B
09:32:27,1969.50,2,M
09:32:27,1969.50,1,M
09:32:27,1969.50,1,M
09:32:27,1969.40,4,M
09:32:27,1969.40,1,B
09:32:26,1969.50,1,B
09:32:26,1969.40,1,B
09:32:26,1969.50,1,B
09:32:26,1969.50,3,B
09:32:26,1969.50,3,B
09:32:26,1969.50,1,B
09:32:26,1969.50,1,B
09:32:26,1969.50,2,B
09:32:26,1969.50,1,B
09:32:26,1969.60,9,B
09:32:26,1969.60,5,B
09:32:26,1969.70,1,B
09:32:26,1969.70,2,B
09:32:26,1969.80,30,B
09:32:26,1970.00,2,M
09:32:26,1970.00,3,M
09:32:25,1970.00,2,M
09:32:25,1969.80,1,B
09:32:24,1969.80,7,B
09:32:24,1970.00,5,B
09:32:24,1969.80,1,B
09:32:24,1969.80,1,B
09:32:24,1969.90,2,B
09:32:24,1969.90,2,B
09:32:24,1969.80,19,B
09:32:24,1969.80,1,B
09:32:24,1969.80,2,B
09:32:24,1969.90,1,B
09:32:24,1970.00,1,B
09:32:24,1970.00,1,B
09:32:24,1970.00,1,B
09:32:24,1970.00,14,B
09:32:24,1970.00,1,B
09:32:24,1970.00,1,B
09:32:24,1970.00,1,B
09:32:24,1970.10,1,B
09:32:24,1970.10,1,B
09:32:24,1970.10,1,B
09:32:24,1970.10,1,B
09:32:24,1970.10,1,B
09:32:24,1970.20,1,B
09:32:24,1970.20,1,B
09:32:23,1970.70,1,M
09:32:23,1970.60,1,M
09:32:23,1970.60,1,M
09:32:23,1970.60,1,M
09:32:23,1970.50,1,M
09:32:23,1970.40,1,M
09:32:23,1970.40,1,M
09:32:23,1970.00,1,B
09:32:23,1970.00,1,B
09:32:23,1970.00,1,B
09:32:23,1970.00,1,B
09:32:23,1970.00,1,B
09:32:22,1970.00,1,B
09:32:21,1970.00,4,B
09:32:21,1970.00,2,B
09:32:21,1970.00,1,B
09:32:21,1970.00,1,B
09:32:21,1970.00,1,B
09:32:21,1970.00,1,B
09:32:21,1970.00,1,B
09:32:21,1970.00,1,B
09:32:21,1970.10,1,B
09:32:21,1970.10,1,B
09:32:21,1970.10,1,B
09:32:21,1970.20,1,B
09:32:21,1970.20,1,B
09:32:21,1970.20,3,B
09:32:21,1970.30,1,B
09:32:20,1970.30,1,M
09:32:20,1970.70,1,M
09:32:20,1970.70,2,M
09:32:20,1970.70,1,M
09:32:20,1970.30,1,B
09:32:20,1970.30,1,B
09:32:20,1970.20,2,B
09:32:20,1970.30,1,B
09:32:19,1970.30,1,B
09:32:19,1970.80,1,M
09:32:19,1970.30,2,B
09:32:19,1970.50,1,B
09:32:19,1970.50,1,B
09:32:19,1970.80,2,M
09:32:18,1970.50,1,B
09:32:18,1970.50,1,B
09:32:18,1970.50,2,B
09:32:18,1970.50,1,B
09:32:18,1970.60,1,B
09:32:18,1970.70,1,B
09:32:17,1970.80,1,M
09:32:17,1970.80,1,B
09:32:17,1970.90,2,M
09:32:16,1970.90,4,B
09:32:16,1971.00,1,B
09:32:16,1971.00,2,B
09:32:16,1971.00,1,B
09:32:16,1971.00,3,B
09:32:16,1971.00,1,B
09:32:16,1971.00,1,B
09:32:16,1971.00,5,B
09:32:16,1971.10,1,B
09:32:16,1971.10,2,B
09:32:16,1971.10,1,B
09:32:16,1971.10,1,B
09:32:16,1971.10,1,B
09:32:16,1971.10,1,B
09:32:15,1971.40,1,M
09:32:14,1971.40,1,M
09:32:14,1971.10,7,B
09:32:14,1971.10,2,B
09:32:14,1971.20,11,B
09:32:14,1971.50,1,M
09:32:14,1971.50,1,M
09:32:13,1971.50,1,M
09:32:13,1971.50,2,M
09:32:13,1971.20,1,M
09:32:13,1971.50,1,M
09:32:13,1971.50,1,M
09:32:12,1971.50,1,M
09:32:12,1971.50,1,M
09:32:12,1971.50,1,M
09:32:12,1971.40,2,M
09:32:12,1971.40,1,M
09:32:12,1971.40,1,M
09:32:12,1971.40,1,M
09:32:12,1971.30,1,M
09:32:12,1971.30,1,M
09:32:12,1971.30,1,M
09:32:12,1971.30,10,M
09:32:12,1971.10,1,B
09:32:12,1971.30,5,M
09:32:12,1971.20,1,M
09:32:12,1971.20,1,M
09:32:12,1971.10,1,B
09:32:12,1971.10,1,B
09:32:11,1971.20,1,B
09:32:10,1971.30,4,M
09:32:10,1971.20,1,B
09:32:10,1971.30,10,M
09:32:10,1971.30,12,M
09:32:10,1971.20,1,M
09:32:10,1971.20,8,M
09:32:09,1971.10,1,B
09:32:08,1971.10,1,B
09:32:06,1971.20,1,M
09:32:06,1971.00,1,B
09:32:06,1971.00,4,B
09:32:06,1971.20,1,M
09:32:06,1971.10,2,M
09:32:05,1971.10,1,B
09:32:05,1971.10,2,B
09:32:05,1971.10,2,B
09:32:05,1971.10,6,B
09:32:05,1971.10,2,B
09:32:04,1971.10,2,B
09:32:04,1971.10,1,B
09:32:04,1971.30,1,M
09:32:03,1971.10,1,B
09:32:03,1971.20,1,M
09:32:03,1971.00,1,B
09:32:03,1971.10,2,M
09:32:03,1971.00,10,B
09:32:03,1971.00,1,B
09:32:02,1971.00,2,B
09:32:02,1971.00,1,B
09:32:02,1971.00,1,B
09:32:02,1971.00,4,B
09:32:01,1971.00,1,M
09:32:01,1971.00,15,M
09:32:01,1971.00,5,M
09:32:01,1971.00,1,M
09:32:01,1971.00,1,M
09:32:01,1971.00,7,M
09:32:01,1971.00,6,M
09:32:01,1971.00,20,M
09:32:01,1971.00,1,M
09:32:00,1971.00,1,M
09:32:00,1971.00,9,M
09:32:00,1971.00,2,M
09:32:00,1971.00,3,M
09:32:00,1971.00,2,M
09:32:00,1970.90,1,B
09:32:00,1970.90,4,B
09:32:00,1970.90,4,B
09:32:00,1971.00,1,M
09:31:59,1971.00,1,M
09:31:59,1971.00,1,M
09:31:59,1971.00,3,M
09:31:59,1971.00,12,M
09:31:59,1971.00,1,M
09:31:59,1971.00,9,M
09:31:59,1971.00,2,M
09:31:58,1971.00,2,M
09:31:58,1971.00,1,B
09:31:58,1971.00,13,B
09:31:57,1971.00,1,B
09:31:57,1971.00,1,B
09:31:56,1971.10,3,M
09:31:56,1970.90,1,M
09:31:56,1970.90,1,M
09:31:56,1970.90,1,M
09:31:55,1971.00,8,B
09:31:55,1971.00,1,B
09:31:55,1970.90,1,M
09:31:55,1970.90,5,M
09:31:54,1970.80,1,B
09:31:54,1970.90,2,M
09:31:54,1970.90,2,M
09:31:54,1970.90,1,M
09:31:54,1970.90,1,M
09:31:54,1970.90,2,M
09:31:54,1971.00,1,B
09:31:53,1971.00,1,B
09:31:53,1971.10,2,M
09:31:53,1971.10,6,M
09:31:53,1971.10,1,M
09:31:53,1971.10,1,M
09:31:53,1971.00,1,M
09:31:52,1971.00,1,B
09:31:52,1971.20,1,M
09:31:52,1971.20,1,M
09:31:52,1971.20,1,M
09:31:52,1971.00,1,B
09:31:52,1971.20,4,M
09:31:52,1971.20,2,M
09:31:52,1971.20,1,M
09:31:51,1971.20,1,M
09:31:51,1971.00,1,B
09:31:51,1971.00,1,B
09:31:51,1971.20,1,M
09:31:51,1971.20,5,M
09:31:50,1971.30,8,M
09:31:50,1971.30,1,M
09:31:50,1971.30,1,M
09:31:50,1971.30,1,M
09:31:50,1971.10,2,B
09:31:50,1971.30,1,M
09:31:50,1971.30,3,M
09:31:50,1971.30,1,M
09:31:50,1971.00,1,B
09:31:50,1971.30,1,M
09:31:50,1971.30,1,M
09:31:50,1971.20,3,M
09:31:50,1971.20,2,M
09:31:50,1971.20,1,M
09:31:50,1971.20,1,M
09:31:50,1971.20,2,M
09:31:50,1971.10,3,M
09:31:50,1971.10,3,M
09:31:50,1971.00,1,M
09:31:50,1971.00,1,M
09:31:50,1971.00,1,M
09:31:50,1971.00,3,M
09:31:50,1971.00,1,M
09:31:50,1971.00,1,M
09:31:49,1971.00,1,M
09:31:49,1971.00,2,M
09:31:49,1971.00,27,M
09:31:49,1971.00,3,M
09:31:49,1971.00,1,M
09:31:49,1971.00,8,M
09:31:49,1970.80,19,B
09:31:49,1970.90,1,B
09:31:49,1970.90,1,B
09:31:49,1971.00,30,M
09:31:49,1971.00,20,M
09:31:49,1971.00,1,M
09:31:49,1971.00,10,M
09:31:49,1971.00,1,M
09:31:49,1971.00,3,M
09:31:49,1971.00,1,M
09:31:49,1971.00,5,M
09:31:49,1971.00,1,M
09:31:49,1971.00,9,M
09:31:49,1971.00,1,M
09:31:49,1971.00,5,M
09:31:49,1971.00,1,M
09:31:49,1971.00,5,M
09:31:49,1971.00,4,M
09:31:49,1971.00,2,M
09:31:49,1971.00,1,M
09:31:49,1971.00,1,M
09:31:49,1971.00,1,M
09:31:48,1971.00,2,M
09:31:48,1971.00,1,M
09:31:48,1970.90,1,M
09:31:48,1970.90,1,M
09:31:48,1970.90,1,M
09:31:48,1970.90,5,M
09:31:48,1970.90,3,M
09:31:48,1970.90,3,M
09:31:48,1970.90,1,M
09:31:48,1970.90,1,M
09:31:48,1970.90,1,M
09:31:48,1970.80,2,B
09:31:48,1970.80,1,B
09:31:48,1970.80,1,B
09:31:48,1970.90,1,M
09:31:48,1970.90,1,M
09:31:48,1970.90,3,M
09:31:48,1970.80,2,M
09:31:48,1970.80,8,M
09:31:48,1970.80,1,M
09:31:48,1970.80,1,M
09:31:48,1970.80,1,M
09:31:48,1970.80,1,M
09:31:48,1970.80,2,M
09:31:48,1970.80,3,M
09:31:48,1970.80,3,M
09:31:48,1970.80,3,M
09:31:48,1970.80,3,M
09:31:48,1970.80,2,M
09:31:48,1970.80,1,M
09:31:48,1970.70,1,M
09:31:47,1970.70,1,M
09:31:47,1970.70,9,M
09:31:47,1970.70,1,M
09:31:46,1970.60,1,M
09:31:46,1970.60,7,M
09:31:46,1970.50,1,M
09:31:46,1970.50,3,M
09:31:46,1970.10,1,B
09:31:45,1970.50,2,M
09:31:45,1970.50,1,M
09:31:45,1970.10,1,B
09:31:45,1970.50,4,M
09:31:44,1970.10,1,B
09:31:44,1970.10,1,B
09:31:44,1970.10,7,B
09:31:44,1970.20,10,B
09:31:44,1970.20,1,B
09:31:44,1970.60,3,M
09:31:44,1970.60,1,M
09:31:43,1970.60,5,M
09:31:43,1970.60,1,M
09:31:43,1970.50,1,M
09:31:43,1970.50,1,M
09:31:43,1970.50,2,M
09:31:43,1970.50,2,M
09:31:42,1970.20,1,B
09:31:42,1970.30,1,B
09:31:41,1970.50,1,M
09:31:41,1970.50,3,M
09:31:41,1970.30,1,B
09:31:41,1970.50,3,M
09:31:40,1970.50,1,M
09:31:40,1970.30,1,B
09:31:39,1970.50,1,M
09:31:39,1970.10,1,B
09:31:39,1970.10,1,B
09:31:39,1970.30,3,B
09:31:38,1970.30,1,B
09:31:38,1970.10,1,B
09:31:38,1970.10,1,B
09:31:38,1970.10,1,B
09:31:38,1970.40,1,M
09:31:38,1970.10,1,B
09:31:38,1970.30,2,M
09:31:38,1970.20,1,M
09:31:38,1970.20,1,M
09:31:36,1970.10,1,B
09:31:36,1970.20,2,M
09:31:36,1970.20,6,M
09:31:35,1970.20,3,M
09:31:34,1970.20,1,B
09:31:34,1970.30,1,M
09:31:33,1970.10,2,B
09:31:33,1970.30,1,M
09:31:33,1970.30,1,M
09:31:32,1970.30,1,M
09:31:32,1970.30,1,M
09:31:32,1970.30,1,M
09:31:32,1970.30,1,M
09:31:32,1970.30,4,M
09:31:32,1970.20,1,M
09:31:32,1970.20,1,M
09:31:32,1970.20,3,M
09:31:31,1970.20,1,M
09:31:31,1970.10,2,B
09:31:31,1970.10,1,B
09:31:31,1970.10,1,B
09:31:30,1970.10,1,B
09:31:29,1970.30,1,M
09:31:29,1970.20,1,M
09:31:29,1970.10,1,B
09:31:28,1970.30,1,M
09:31:28,1970.30,1,M
09:31:28,1970.30,2,M
09:31:27,1970.10,1,B
09:31:27,1970.30,1,B
09:31:27,1970.40,2,M
09:31:26,1970.40,1,M
09:31:26,1970.30,1,M
09:31:26,1970.30,1,B
09:31:26,1970.30,14,B
09:31:26,1970.40,4,B
09:31:26,1970.50,1,M
09:31:25,1970.40,1,B
09:31:25,1970.50,2,M
09:31:25,1970.60,2,M
09:31:25,1970.60,9,M
09:31:23,1970.30,1,B
09:31:23,1970.50,1,B
09:31:23,1970.70,1,M
09:31:23,1970.70,1,M
09:31:23,1970.70,1,M
09:31:23,1970.70,19,M
09:31:23,1970.60,1,M
09:31:22,1970.70,8,M
09:31:22,1970.50,8,M
09:31:22,1970.30,1,B
09:31:22,1970.50,1,M
09:31:22,1970.40,1,M
09:31:22,1970.30,1,B
09:31:22,1970.40,1,M
09:31:21,1970.50,1,M
09:31:21,1970.30,1,B
09:31:21,1970.40,1,B
09:31:21,1970.50,2,B
09:31:21,1970.50,15,B
09:31:21,1970.50,1,B
09:31:21,1970.50,1,B
09:31:21,1970.50,1,B
09:31:20,1970.60,1,M
09:31:20,1970.70,1,B
09:31:20,1970.80,1,M
09:31:20,1970.80,1,M
09:31:20,1970.80,1,M
09:31:20,1970.80,1,M
09:31:20,1970.80,1,M
09:31:20,1970.70,1,M
09:31:19,1970.70,1,M
09:31:19,1970.70,1,M
09:31:19,1970.70,25,M
09:31:19,1970.70,3,M
09:31:19,1970.70,6,M
09:31:19,1970.70,3,M
09:31:19,1970.60,3,M
09:31:19,1970.60,3,M
09:31:19,1970.60,3,M
09:31:19,1970.60,1,M
09:31:19,1970.50,3,M
09:31:19,1970.50,1,M
09:31:18,1970.50,1,M
09:31:18,1970.50,1,M
09:31:18,1970.50,2,M
09:31:18,1970.50,1,M
09:31:18,1970.50,1,M
09:31:18,1970.50,1,M
09:31:18,1970.50,19,M
09:31:18,1970.50,1,M
09:31:18,1970.50,1,M
09:31:18,1970.50,3,M
09:31:18,1970.50,3,M
09:31:18,1970.50,2,M
09:31:18,1970.50,2,M
09:31:18,1970.50,3,M
09:31:18,1970.40,3,M
09:31:17,1970.40,1,M
09:31:17,1970.40,5,M
09:31:17,1970.20,5,M
09:31:17,1970.00,1,B
09:31:17,1970.40,1,M
09:31:17,1970.40,1,M
09:31:17,1970.40,1,M
09:31:17,1970.40,1,M
09:31:17,1970.30,5,M
09:31:17,1970.30,5,M
09:31:17,1970.20,1,M
09:31:17,1970.20,1,M
09:31:17,1970.20,5,M
09:31:17,1970.20,1,M
09:31:17,1970.20,1,M
09:31:17,1970.10,1,M
09:31:17,1970.10,1,M
09:31:17,1970.10,1,M
09:31:17,1970.10,1,M
09:31:17,1970.10,1,M
09:31:17,1970.00,1,M
09:31:17,1970.00,1,M
09:31:17,1970.00,1,M
09:31:17,1970.00,2,M
09:31:17,1970.00,1,M
09:31:17,1970.00,1,M
09:31:17,1970.00,1,M
09:31:17,1970.00,1,M
09:31:17,1970.00,1,M
09:31:17,1970.00,1,M
09:31:17,1970.00,1,M
09:31:17,1970.00,1,M
09:31:17,1970.00,1,M
09:31:17,1970.00,1,M
09:31:17,1970.00,1,M
09:31:17,1970.00,1,M
09:31:17,1970.00,3,M
09:31:17,1970.00,2,M
09:31:17,1970.00,1,M
09:31:17,1970.00,13,M
09:31:16,1969.50,2,B
09:31:16,1970.00,17,M
09:31:16,1970.00,13,M
09:31:16,1970.00,15,M
09:31:16,1970.00,10,M
09:31:16,1969.60,1,B
09:31:16,1970.00,30,M
09:31:16,1970.00,2,M
09:31:16,1969.90,1,M
09:31:16,1969.60,1,B
09:31:15,1970.00,4,M
09:31:15,1970.00,2,M
09:31:15,1970.00,1,M
09:31:15,1970.00,1,M
09:31:15,1970.00,5,M
09:31:15,1970.00,6,M
09:31:15,1970.00,1,M
09:31:15,1970.00,1,M
09:31:15,1970.00,4,M
09:31:15,1970.00,2,M
09:31:15,1970.00,1,M
09:31:15,1970.00,10,M
09:31:15,1970.00,1,M
09:31:15,1970.00,1,M
09:31:15,1969.90,1,M
09:31:15,1970.00,1,M
09:31:15,1970.00,1,M
09:31:15,1970.00,4,M
09:31:15,1970.00,1,M
09:31:15,1970.00,2,M
09:31:15,1970.00,1,M
09:31:15,1970.00,1,M
09:31:14,1970.00,25,M
09:31:14,1969.60,9,B
09:31:14,1969.70,1,B
09:31:14,1969.70,7,B
09:31:14,1969.70,3,B
09:31:14,1970.00,2,M
09:31:14,1970.00,2,M
09:31:14,1970.00,5,M
09:31:14,1970.00,3,M
09:31:13,1970.00,1,M
09:31:13,1970.00,3,M
09:31:12,1970.00,1,M
09:31:12,1970.00,1,M
09:31:12,1970.00,2,M
09:31:12,1970.00,2,M
09:31:12,1970.00,1,M
09:31:12,1970.00,3,M
09:31:12,1969.90,1,M
09:31:12,1969.90,3,M
09:31:12,1969.90,3,M
09:31:12,1969.80,1,M
09:31:12,1969.80,1,M
09:31:10,1969.70,1,B
09:31:10,1969.70,1,B
09:31:10,1969.80,1,B
09:31:09,1969.80,1,M
09:31:09,1969.80,1,M
09:31:09,1969.80,2,M
09:31:09,1969.80,1,M
09:31:08,1969.80,1,M
09:31:08,1969.40,1,B
09:31:08,1969.40,1,B
09:31:07,1969.40,1,B
09:31:07,1969.80,1,M
09:31:07,1969.30,2,B
09:31:07,1969.80,1,M
09:31:07,1969.90,11,M
09:31:07,1969.80,1,M
09:31:07,1969.80,3,M
09:31:07,1969.70,2,M
09:31:06,1969.70,2,M
09:31:06,1969.60,3,M
09:31:06,1969.60,1,M
09:31:06,1969.60,1,M
09:31:05,1969.40,2,B
09:31:04,1969.40,1,B
09:31:04,1969.50,1,M
09:31:04,1969.40,1,M
09:31:02,1969.20,6,B
09:31:02,1969.20,1,B
09:31:02,1969.20,3,B
09:31:02,1969.20,1,B
09:31:02,1969.40,1,M
09:31:01,1969.10,1,B
09:31:01,1969.40,1,M
09:31:01,1969.40,17,M
09:31:01,1969.40,1,M
09:31:00,1969.10,16,B
09:31:00,1969.10,1,B
09:31:00,1969.20,1,B
09:31:00,1969.20,1,B
09:31:00,1969.20,1,B
09:31:00,1969.30,5,B
09:31:00,1969.30,1,B
09:31:00,1969.30,1,B
09:31:00,1969.40,1,B
09:31:00,1969.40,1,B
09:31:00,1969.40,1,B
09:31:00,1969.50,2,M
09:30:59,1969.40,1,B
09:30:59,1969.40,1,B
09:30:59,1969.50,1,B
09:30:59,1969.50,1,B
09:30:59,1969.50,2,B
09:30:59,1969.50,3,B
09:30:59,1969.50,4,B
09:30:59,1969.50,1,B
09:30:59,1969.50,5,B
09:30:59,1969.80,1,M
09:30:59,1969.80,1,M
09:30:59,1969.80,10,M
09:30:58,1969.80,4,M
09:30:58,1969.80,1,M
09:30:58,1969.80,1,M
09:30:58,1969.50,1,B
09:30:57,1969.50,30,B
09:30:57,1970.00,8,M
09:30:57,1969.90,2,M
09:30:56,1970.00,12,M
09:30:56,1969.90,1,M
09:30:56,1969.90,4,M
09:30:56,1969.50,5,B
09:30:56,1969.90,5,M
09:30:56,1969.90,1,M
09:30:56,1969.90,2,M
09:30:55,1969.90,1,M
09:30:55,1969.50,1,B
09:30:55,1969.90,2,B
09:30:55,1970.00,3,M
09:30:55,1970.00,10,M
09:30:55,1970.00,1,M
09:30:54,1970.00,3,M
09:30:54,1970.00,2,M
09:30:54,1970.00,4,M
09:30:54,1969.50,2,B
09:30:54,1969.50,1,B
09:30:54,1970.00,2,M
09:30:54,1969.90,1,M
09:30:54,1969.90,5,M
09:30:54,1969.90,1,M
09:30:54,1969.90,2,M
09:30:54,1969.50,5,B
09:30:54,1969.50,2,B
09:30:54,1969.50,3,B
09:30:53,1969.90,1,M
09:30:53,1969.90,3,M
09:30:53,1969.90,1,M
09:30:52,1969.90,1,M
09:30:51,1969.90,1,M
09:30:51,1969.90,2,M
09:30:51,1969.90,1,M
09:30:50,1969.50,1,B
09:30:50,1969.50,5,B
09:30:50,1969.50,5,B
09:30:50,1969.50,2,B
09:30:50,1969.50,1,B
09:30:50,1969.50,1,B
09:30:50,1969.90,1,M
09:30:50,1969.90,1,M
09:30:50,1970.00,2,M
09:30:50,1969.80,2,M
09:30:50,1969.70,1,M
09:30:49,1969.70,1,M
09:30:49,1969.50,1,B
09:30:49,1969.70,3,M
09:30:49,1969.50,1,B
09:30:48,1969.90,15,B
09:30:48,1969.90,1,M
09:30:48,1969.90,3,M
09:30:48,1969.90,9,M
09:30:47,1969.90,1,M
09:30:47,1969.90,4,M
09:30:47,1969.90,2,M
09:30:47,1969.50,2,B
09:30:45,1969.50,1,B
09:30:45,1970.00,15,M
09:30:45,1969.90,13,M
09:30:45,1969.90,8,M
09:30:45,1969.90,9,M
09:30:45,1969.90,1,M
09:30:44,1969.50,4,B
09:30:44,1969.50,2,B
09:30:44,1969.50,1,B
09:30:44,1969.50,1,B
09:30:44,1969.50,12,B
09:30:44,1969.80,1,M
09:30:43,1969.70,1,B
09:30:43,1969.80,1,M
09:30:43,1969.80,1,M
09:30:43,1969.70,1,B
09:30:42,1969.90,1,B
09:30:42,1970.00,10,M
09:30:42,1970.00,1,M
09:30:42,1970.00,10,M
09:30:42,1969.90,1,B
09:30:42,1970.00,2,M
09:30:42,1970.00,1,M
09:30:42,1970.00,2,M
09:30:41,1970.00,1,M
09:30:41,1969.70,1,B
09:30:41,1970.00,1,M
09:30:41,1970.00,3,M
09:30:41,1970.00,1,M
09:30:41,1969.70,1,B
09:30:41,1969.80,1,B
09:30:40,1970.00,2,M
09:30:40,1970.00,3,M
09:30:40,1970.00,2,M
09:30:40,1970.00,2,M
09:30:40,1970.00,17,M
09:30:40,1970.00,2,M
09:30:40,1970.00,2,M
09:30:40,1970.00,1,M
09:30:39,1970.00,2,M
09:30:39,1970.00,1,M
09:30:39,1970.00,5,M
09:30:38,1970.00,1,M
09:30:38,1970.00,1,M
09:30:38,1970.00,2,M
09:30:38,1970.00,1,M
09:30:38,1969.70,1,B
09:30:38,1970.00,1,M
09:30:38,1970.00,1,M
09:30:38,1970.00,1,M
09:30:38,1970.00,2,M
09:30:38,1969.90,1,M
09:30:38,1969.90,1,M
09:30:38,1969.90,1,M
09:30:38,1969.90,5,M
09:30:38,1969.90,1,M
09:30:38,1969.90,5,M
09:30:38,1969.90,3,M
09:30:38,1969.90,1,M
09:30:38,1969.90,4,M
09:30:38,1969.90,2,M
09:30:38,1969.90,1,M
09:30:38,1969.90,2,M
09:30:38,1969.80,1,M
09:30:38,1969.80,11,M
09:30:38,1969.70,1,M
09:30:38,1969.70,1,M
09:30:37,1969.70,4,B
09:30:37,1969.80,1,M
09:30:37,1969.80,1,M
09:30:36,1969.80,1,M
09:30:36,1969.80,3,M
09:30:36,1969.80,1,M
09:30:36,1969.70,1,B
09:30:36,1969.50,5,B
09:30:36,1969.80,1,M
09:30:36,1969.80,1,M
09:30:36,1969.80,5,M
09:30:36,1969.80,1,M
09:30:36,1969.50,1,B
09:30:36,1969.70,1,B
09:30:35,1969.80,2,M
09:30:35,1969.80,2,M
09:30:35,1969.80,1,M
09:30:35,1969.80,1,M
09:30:35,1969.80,1,M
09:30:35,1969.80,3,M
09:30:35,1969.80,3,M
09:30:35,1969.80,2,M
09:30:35,1969.70,1,M
09:30:35,1969.70,3,M
09:30:35,1969.70,1,M
09:30:35,1969.70,4,M
09:30:35,1969.70,12,M
09:30:35,1969.50,1,B
09:30:35,1969.70,1,M
09:30:35,1969.70,1,M
09:30:35,1969.60,1,M
09:30:34,1969.70,7,M
09:30:34,1969.70,2,M
09:30:34,1969.70,13,M
09:30:34,1969.60,1,M
09:30:34,1969.60,1,M
09:30:34,1969.60,1,M
09:30:34,1969.60,1,M
09:30:34,1969.60,10,M
09:30:34,1969.60,17,M
09:30:34,1969.50,1,B
09:30:33,1969.50,1,B
09:30:33,1969.50,1,B
09:30:33,1969.50,1,B
09:30:33,1969.60,1,M
09:30:32,1969.50,1,B
09:30:32,1969.50,1,M
09:30:32,1969.50,1,M
09:30:31,1969.10,1,B
09:30:31,1969.60,1,M
09:30:31,1969.60,1,M
09:30:31,1969.50,1,M
09:30:31,1969.50,2,M
09:30:30,1969.50,1,M
09:30:30,1969.60,10,M
09:30:30,1969.60,1,M
09:30:30,1969.60,1,M
09:30:30,1969.60,2,M
09:30:30,1969.60,4,M
09:30:30,1969.50,1,M
09:30:30,1969.50,10,M
09:30:30,1969.50,6,M
09:30:30,1969.40,2,M
09:30:30,1969.40,1,M
09:30:30,1969.40,1,M
09:30:30,1969.50,16,M
09:30:30,1969.40,2,M
09:30:30,1969.00,6,M
09:30:30,1969.00,1,B
09:30:30,1969.00,1,B
09:30:30,1969.00,1,B
09:30:30,1969.40,2,M
09:30:30,1969.40,8,M
09:30:30,1969.20,1,M
09:30:30,1969.20,1,M
09:30:30,1969.50,1,M
09:30:30,1969.50,1,M
09:30:30,1969.50,1,M
09:30:30,1969.40,1,M
09:30:30,1969.40,1,M
09:30:29,1969.00,2,B
09:30:29,1969.00,2,B
09:30:29,1969.50,2,M
09:30:29,1969.50,1,M
09:30:29,1969.50,2,M
09:30:28,1969.50,1,M
09:30:28,1969.50,1,M
09:30:28,1969.50,5,M
09:30:28,1969.10,1,M
09:30:27,1969.50,3,M
09:30:27,1969.50,1,M
09:30:27,1969.50,3,M
09:30:27,1969.50,1,M
09:30:27,1969.50,1,M
09:30:27,1969.50,1,M
09:30:27,1969.40,1,M
09:30:27,1969.40,1,M
09:30:27,1969.50,1,M
09:30:27,1969.40,1,M
09:30:27,1969.40,1,M
09:30:27,1969.30,2,M
09:30:27,1969.30,1,M
09:30:27,1969.30,3,M
09:30:27,1969.20,1,M
09:30:27,1969.00,1,M
09:30:27,1969.20,1,M
09:30:26,1969.20,1,M
09:30:26,1969.10,1,M
09:30:26,1969.00,1,M
09:30:26,1969.00,1,M
09:30:26,1968.90,3,B
09:30:26,1969.00,1,M
09:30:26,1969.00,2,M
09:30:26,1969.00,1,M
09:30:25,1969.00,1,M
09:30:25,1969.00,1,M
09:30:25,1969.00,1,M
09:30:24,1969.00,2,M
09:30:24,1969.00,1,M
09:30:24,1968.90,1,M
09:30:24,1968.90,1,M
09:30:24,1968.90,20,M
09:30:24,1968.90,2,M
09:30:23,1968.90,2,M
09:30:23,1968.80,4,M
09:30:23,1968.80,10,M
09:30:23,1968.80,1,M
09:30:22,1968.80,1,M
09:30:22,1968.80,1,M
09:30:22,1968.80,2,M
09:30:22,1968.80,2,M
09:30:22,1968.70,1,M
09:30:22,1968.70,1,M
09:30:22,1968.60,1,M
09:30:22,1968.50,1,B
09:30:21,1968.60,1,B
09:30:21,1968.70,1,M
09:30:20,1968.70,1,M
09:30:20,1968.50,20,B
09:30:20,1968.60,5,B
09:30:18,1968.30,1,B
09:30:18,1968.50,1,B
09:30:17,1968.80,3,M
09:30:17,1968.70,4,M
09:30:17,1968.70,1,M
09:30:17,1968.70,1,M
09:30:17,1968.70,1,M
09:30:17,1968.70,3,M
09:30:17,1968.30,1,M
09:30:17,1968.20,4,B
09:30:17,1968.20,1,B
09:30:17,1968.20,3,B
09:30:16,1968.60,2,M
09:30:16,1968.60,2,M
09:30:15,1968.60,1,M
09:30:14,1968.10,10,B
09:30:14,1968.20,1,B
09:30:14,1968.20,1,B
09:30:14,1968.20,4,B
09:30:14,1968.20,1,B
09:30:14,1968.30,1,B
09:30:14,1968.30,1,B
09:30:14,1968.30,1,B
09:30:14,1968.70,1,B
09:30:14,1968.50,1,M
09:30:14,1968.30,1,B
09:30:14,1968.40,1,B
09:30:13,1968.70,1,M
09:30:13,1968.60,2,M
09:30:12,1968.20,2,M
09:30:12,1968.70,1,M
09:30:12,1968.70,1,M
09:30:12,1968.50,1,M
09:30:12,1968.50,6,M
09:30:12,1968.40,1,M
09:30:12,1968.10,1,B
09:30:11,1968.40,1,M
09:30:11,1968.40,1,M
09:30:10,1968.00,2,B
09:30:10,1968.20,1,B
09:30:10,1968.20,1,B
09:30:10,1968.20,2,B
09:30:10,1968.10,1,B
09:30:09,1968.40,1,M
09:30:09,1968.40,4,M
09:30:09,1968.20,1,B
09:30:09,1968.40,2,M
09:30:09,1968.40,1,M
09:30:08,1968.20,1,B
09:30:06,1968.00,3,B
09:30:06,1968.20,1,M
09:30:06,1968.10,1,M
09:30:06,1968.00,1,B
09:30:06,1968.00,1,M
09:30:06,1968.00,1,M
09:30:06,1968.00,1,M
09:30:06,1968.00,1,M
09:30:06,1967.90,1,M
09:30:06,1967.90,1,M
09:30:06,1967.90,28,M
09:30:06,1967.90,27,M
09:30:06,1967.70,13,M
09:30:06,1967.70,3,B
09:30:06,1967.70,3,B
09:30:06,1967.70,1,B
09:30:06,1967.70,4,B
09:30:06,1967.70,5,B
09:30:06,1967.70,4,B
09:30:06,1967.70,1,B
09:30:06,1967.70,2,B
09:30:06,1967.70,2,B
09:30:06,1967.70,1,B
09:30:06,1967.70,6,B
09:30:05,1967.70,1,B
09:30:05,1967.70,1,B
09:30:04,1967.90,2,M
09:30:04,1967.90,1,M
09:30:03,1967.70,1,B
09:30:03,1967.70,1,B
09:30:03,1967.70,1,B
09:30:03,1967.70,1,B
09:30:03,1967.70,1,B
09:30:03,1967.70,1,B
09:30:03,1967.70,1,M
09:30:03,1967.70,1,M
09:30:03,1967.60,2,M
09:30:03,1967.60,1,M
09:30:03,1967.60,1,M
09:30:03,1967.50,1,M
09:30:03,1967.50,1,M
09:30:03,1967.20,1,B
09:30:02,1967.20,1,B
09:30:02,1967.00,1,B
09:30:02,1967.00,2,B
09:30:02,1967.00,13,B
09:30:02,1967.10,6,B
09:30:02,1967.10,2,B
09:30:02,1967.10,1,B
09:30:02,1967.10,1,B
09:30:02,1967.10,1,B
09:30:02,1967.20,1,B
09:30:02,1967.20,6,B
09:30:02,1967.50,11,B
09:30:02,1967.50,1,B
09:30:02,1967.50,1,B
09:30:02,1967.60,1,B
09:30:02,1967.70,1,B
09:30:02,1967.70,1,B
09:30:01,1968.20,1,M
09:30:01,1967.80,1,B
09:30:01,1967.80,1,B
09:30:01,1967.90,1,B
09:30:01,1968.30,1,M
09:30:01,1968.30,1,M
09:30:01,1968.10,1,M
09:30:01,1968.00,1,M
09:30:00,1967.90,3,B
09:30:00,1967.90,1,B
09:30:00,1968.00,1,B
09:30:00,1968.00,1,B
09:30:00,1968.00,1,B
09:30:00,1968.00,1,B
09:30:00,1968.50,1,M
09:30:00,1967.10,2,B
09:30:00,1967.10,2,B
09:30:00,1967.20,1,B
09:30:00,1967.20,1,B
09:30:00,1967.30,1,B
09:30:00,1967.30,1,B
09:30:00,1967.30,1,B
09:30:00,1967.30,11,B
09:30:00,1967.30,5,B
09:30:00,1967.30,1,B
09:30:00,1967.40,1,B
09:30:00,1967.40,1,B
09:30:00,1967.40,2,B
09:30:00,1967.40,1,B
09:30:00,1967.40,4,B
09:30:00,1967.50,1,B
09:30:00,1967.60,2,B
09:30:00,1967.60,1,B
09:30:00,1967.70,1,B
09:30:00,1967.80,7,B
09:30:00,1967.90,1,B
09:30:00,1967.90,1,B
09:30:00,1967.90,1,B
09:30:00,1968.50,10,M
09:30:00,1968.40,4,M
09:30:00,1968.40,1,M
09:30:00,1968.40,1,M
09:30:00,1968.40,1,M
09:30:00,1968.30,1,M
09:30:00,1968.30,1,M
09:30:00,1968.00,11,M
09:30:00,1968.00,5,M
09:30:00,1968.00,1,M
09:30:00,1968.00,1,M
09:30:00,1968.00,1,M
09:30:00,1967.90,1,B
09:30:00,1967.90,1,B
09:30:00,1968.00,3,M
09:29:59,1968.00,1,B
09:29:59,1968.00,1,B
09:29:59,1968.00,1,B
09:29:58,1968.50,4,M
09:29:58,1968.40,1,M
09:29:57,1968.00,1,B
09:29:57,1968.30,1,B
09:29:54,1968.50,1,M
09:29:54,1968.50,1,M
09:29:53,1968.50,1,M
09:29:53,1968.50,1,M
09:29:53,1968.40,1,M
09:29:53,1968.30,1,M
09:29:53,1968.30,1,M
09:29:53,1968.30,3,M
09:29:53,1968.30,1,M
09:29:53,1968.30,1,M
09:29:52,1968.30,2,M
09:29:52,1968.20,1,M
09:29:52,1968.20,1,M
09:29:52,1968.00,1,M
09:29:52,1968.00,1,M
09:29:52,1968.00,20,M
09:29:48,1968.00,20,M
09:29:48,1968.00,2,M
09:29:48,1967.80,1,M
09:29:48,1967.80,1,M
09:29:48,1968.00,1,B
09:29:48,1968.00,5,B
09:29:48,1968.00,5,B
09:29:48,1968.00,6,B
09:29:47,1968.00,1,B
09:29:46,1968.00,1,M
09:29:46,1968.00,12,M
09:29:46,1967.90,1,M
09:29:46,1967.90,1,M
09:29:45,1967.40,1,B
09:29:45,1967.50,1,B
09:29:45,1967.50,1,B
09:29:45,1967.50,1,B
09:29:45,1967.50,6,B
09:29:45,1967.50,1,B
09:29:45,1967.50,2,B
09:29:45,1967.50,1,B
09:29:45,1967.60,1,B
09:29:45,1967.60,1,B
09:29:45,1967.60,2,B
09:29:45,1967.60,1,B
09:29:45,1967.60,2,B
09:29:45,1967.60,2,B
09:29:45,1967.60,1,B
09:29:45,1967.60,5,B
09:29:45,1967.60,1,B
09:29:45,1967.60,1,B
09:29:45,1967.60,3,B
09:29:45,1967.60,1,B
09:29:45,1967.70,3,B
09:29:45,1967.70,1,B
09:29:45,1967.70,1,B
09:29:45,1967.80,4,B
09:29:45,1967.80,1,B
09:29:45,1967.80,3,B
09:29:45,1967.90,1,B
09:29:45,1967.90,1,B
09:29:45,1968.00,6,M
09:29:44,1968.10,2,B
09:29:44,1968.40,4,M
09:29:44,1968.30,1,M
09:29:44,1968.30,1,M
09:29:44,1968.20,1,M
09:29:44,1968.20,5,M
09:29:44,1968.20,1,M
09:29:44,1968.00,2,M
09:29:44,1968.00,1,M
09:29:42,1968.10,1,M
09:29:42,1968.00,1,M
09:29:42,1968.00,10,M
09:29:42,1968.00,1,M
09:29:42,1968.00,1,M
09:29:42,1968.00,3,M
09:29:42,1967.60,1,B
09:29:37,1967.60,1,B
09:29:37,1967.60,1,B
09:29:37,1968.00,5,M
09:29:36,1967.90,1,M
09:29:36,1967.80,1,M
09:29:36,1967.80,1,M
09:29:35,1967.80,1,M
09:29:34,1967.80,2,M
09:29:34,1967.60,3,B
09:29:34,1967.60,2,B
09:29:34,1967.70,5,B
09:29:33,1967.70,1,B
09:29:31,1967.80,1,M
09:29:30,1967.80,1,B
09:29:30,1967.80,1,B
09:29:26,1967.80,1,B
09:29:25,1968.00,1,M
09:29:25,1967.80,1,B
09:29:22,1968.00,1,M
09:29:22,1967.80,4,B
09:29:21,1968.00,5,M
09:29:21,1967.90,1,M
09:29:20,1968.00,1,M
09:29:19,1968.00,1,M
09:29:15,1968.00,10,M
09:29:15,1968.00,2,M
09:29:15,1968.00,1,M
09:29:15,1968.00,20,M
09:29:14,1967.60,1,B
09:29:13,1968.00,2,M
09:29:13,1968.00,1,M
09:29:12,1968.00,2,M
09:29:10,1968.00,1,M
09:29:10,1968.00,1,B
09:29:10,1968.00,19,B
09:29:10,1968.00,4,B
09:29:09,1968.00,5,B
09:29:08,1968.00,1,B
09:29:08,1968.00,1,M
09:29:08,1968.00,3,M
09:29:07,1968.00,1,M
09:29:07,1968.00,16,M
09:29:07,1968.00,1,M
09:29:07,1968.00,1,M
09:29:07,1968.00,1,M
09:29:07,1967.90,1,M
09:29:07,1967.90,9,M
09:29:07,1967.90,1,M
09:29:07,1967.60,1,B
09:29:06,1967.80,1,B
09:29:02,1967.60,1,B
09:29:02,1967.80,1,M
09:29:00,1967.60,1,M
09:29:00,1967.60,1,M
09:29:00,1967.50,1,B
09:29:00,1967.50,1,B
09:29:00,1967.60,1,B
09:29:00,1967.90,1,M
09:28:59,1967.80,1,M
09:28:58,1967.50,1,B
09:28:58,1967.50,1,B
09:28:57,1967.80,1,M
09:28:57,1967.50,1,B
09:28:56,1967.90,1,M
09:28:56,1967.50,1,B
09:28:55,1967.90,1,M
09:28:55,1968.00,1,M
09:28:55,1967.40,15,B
09:28:55,1967.50,1,B
09:28:55,1967.50,1,B
09:28:55,1967.50,9,B
09:28:55,1967.60,1,B
09:28:55,1967.60,1,B
09:28:55,1967.60,2,B
09:28:54,1968.10,1,M
09:28:54,1968.10,1,M
09:28:54,1967.60,1,B
09:28:54,1967.60,1,B
09:28:54,1967.60,1,B
09:28:53,1967.60,1,B
09:28:53,1967.50,1,B
09:28:53,1967.60,1,B
09:28:53,1967.60,1,B
09:28:53,1967.60,10,B
09:28:53,1967.60,1,B
09:28:53,1967.70,1,B
09:28:53,1967.70,1,B
09:28:53,1967.70,1,B
09:28:53,1967.70,1,B
09:28:53,1967.80,1,B
09:28:53,1967.80,1,B
09:28:53,1967.80,4,B
09:28:53,1967.80,6,B
09:28:53,1967.90,1,B
09:28:53,1967.90,1,B
09:28:53,1968.00,3,B
09:28:53,1968.40,1,M
09:28:53,1968.20,1,M
09:28:53,1968.10,1,B
09:28:52,1968.40,1,B
09:28:51,1968.50,4,B
09:28:51,1968.50,1,B
09:28:51,1968.50,1,B
09:28:51,1968.50,1,B
09:28:51,1968.50,1,B
09:28:51,1968.70,2,M
09:28:51,1968.60,1,M
09:28:51,1968.60,13,M
09:28:50,1968.60,1,M
09:28:50,1968.60,1,M
09:28:50,1968.60,1,B
09:28:50,1968.60,1,B
09:28:50,1968.70,1,M
09:28:50,1968.70,1,M
09:28:49,1968.70,2,M
09:28:49,1968.70,4,B
09:28:49,1969.20,1,M
09:28:49,1969.20,1,M
09:28:49,1969.20,1,M
09:28:49,1969.10,1,M
09:28:49,1969.10,1,M
09:28:49,1969.10,1,M
09:28:49,1969.10,1,M
09:28:49,1969.10,1,M
09:28:49,1969.10,4,M
09:28:49,1969.00,1,M
09:28:49,1969.00,1,M
09:28:49,1969.00,2,M
09:28:49,1969.00,2,M
09:28:49,1969.00,1,M
09:28:49,1969.00,1,M
09:28:49,1969.00,1,M
09:28:49,1969.00,8,M
09:28:49,1968.90,1,M
09:28:49,1968.90,1,M
09:28:49,1968.90,2,M
09:28:49,1968.80,1,M
09:28:49,1968.60,1,M
09:28:49,1968.60,1,M
09:28:48,1968.60,1,B
09:28:48,1968.70,1,M
09:28:48,1968.70,1,M
09:28:48,1968.70,1,M
09:28:48,1968.70,1,M
09:28:48,1968.70,1,M
09:28:48,1968.70,1,M
09:28:48,1968.70,4,M
09:28:48,1968.70,3,M
09:28:46,1968.70,1,M
09:28:46,1968.60,6,M
09:28:46,1968.60,1,M
09:28:46,1968.60,1,M
09:28:46,1968.60,1,M
09:28:46,1968.60,1,M
09:28:46,1968.50,1,M
09:28:46,1968.40,1,M
09:28:46,1968.40,1,M
09:28:46,1968.40,1,M
09:28:46,1968.40,1,M
09:28:46,1968.30,1,B
09:28:46,1968.30,1,B
09:28:46,1968.30,1,B
09:28:45,1968.20,1,B
09:28:44,1968.60,2,M
09:28:44,1968.00,1,B
09:28:44,1968.00,1,B
09:28:44,1968.00,1,B
09:28:44,1968.00,3,B
09:28:44,1968.00,1,B
09:28:44,1968.00,1,B
09:28:44,1968.00,4,B
09:28:44,1968.10,1,B
09:28:44,1968.10,1,B
09:28:44,1968.10,1,B
09:28:44,1968.10,1,B
09:28:44,1968.10,1,B
09:28:44,1968.10,1,B
09:28:44,1968.50,1,B
09:28:44,1968.60,1,B
09:28:44,1968.60,1,B
09:28:43,1968.60,2,B
09:28:43,1968.60,7,B
09:28:43,1968.60,14,B
09:28:43,1968.60,1,B
09:28:43,1968.70,40,M
09:28:42,1968.70,1,M
09:28:42,1968.70,1,M
09:28:41,1968.90,1,M
09:28:41,1968.90,1,M
09:28:40,1968.90,1,M
09:28:40,1968.90,1,M
09:28:40,1968.90,4,M
09:28:39,1968.90,1,M
09:28:39,1968.60,1,B
09:28:39,1968.90,1,M
09:28:38,1968.90,1,M
09:28:38,1968.90,4,M
09:28:38,1968.60,1,B
09:28:37,1968.90,1,M
09:28:36,1969.00,1,M
09:28:36,1969.00,1,M
09:28:36,1969.00,3,M
09:28:36,1969.00,1,M
09:28:36,1968.90,1,M
09:28:36,1968.90,1,M
09:28:36,1968.90,1,M
09:28:36,1968.90,1,M
09:28:36,1968.80,1,M
09:28:36,1968.80,1,M
09:28:36,1968.70,1,M
09:28:36,1968.70,2,M
09:28:36,1968.60,2,M
09:28:35,1968.50,1,M
09:28:35,1968.50,1,M
09:28:35,1968.50,15,M
09:28:35,1968.50,4,M
09:28:35,1968.50,5,M
09:28:35,1968.50,3,M
09:28:35,1968.50,13,M
09:28:34,1968.10,1,B
09:28:34,1968.50,2,M
09:28:34,1968.50,1,M
09:28:34,1968.00,1,M
09:28:34,1968.00,4,M
09:28:33,1968.00,16,M
09:28:33,1967.90,1,M
09:28:32,1967.90,1,M
09:28:32,1967.80,2,B
09:28:30,1967.50,1,B
09:28:30,1967.50,1,B
09:28:29,1968.00,1,M
09:28:29,1967.90,1,M
09:28:29,1967.90,1,M
09:28:29,1967.90,1,M
09:28:29,1967.80,1,M
09:28:29,1967.80,2,M
09:28:29,1967.80,1,M
09:28:29,1967.70,1,M
09:28:29,1967.70,2,M
09:28:29,1967.70,2,M
09:28:29,1967.60,5,M
09:28:29,1967.60,1,M
09:28:27,1967.60,1,M
09:28:27,1967.50,1,M
09:28:27,1967.30,1,B
09:28:26,1967.10,1,B
09:28:26,1967.10,1,B
09:28:26,1967.10,3,B
09:28:26,1967.10,17,B
09:28:26,1967.10,46,B
09:28:26,1967.20,1,B
09:28:26,1967.20,1,B
09:28:26,1967.20,1,B
09:28:26,1967.30,2,B
09:28:26,1967.80,1,M
09:28:25,1967.60,1,M
09:28:25,1967.60,1,M
09:28:25,1967.60,1,M
09:28:25,1967.40,2,M
09:28:25,1967.10,1,B
09:28:25,1967.30,1,B
09:28:25,1967.10,1,B
09:28:24,1967.30,1,B
09:28:23,1967.30,1,B
09:28:22,1967.40,1,B
09:28:21,1967.40,1,B
09:28:21,1967.40,1,B
09:28:21,1967.80,1,M
09:28:20,1967.80,1,M
09:28:19,1967.80,2,M
09:28:19,1967.80,4,M
09:28:19,1967.70,2,M
09:28:19,1967.60,1,M
09:28:19,1967.60,1,M
09:28:18,1967.40,1,B
09:28:18,1967.40,1,B
09:28:16,1967.10,2,B
09:28:16,1967.20,1,B
09:28:16,1967.20,1,B
09:28:16,1967.30,1,B
09:28:16,1967.30,1,B
09:28:16,1967.40,4,B
09:28:16,1967.40,1,B
09:28:15,1967.40,1,B
09:28:15,1967.40,2,B
09:28:15,1967.40,1,B
09:28:14,1967.40,1,B
09:28:14,1967.40,1,B
09:28:14,1967.40,1,B
09:28:14,1967.40,2,B
09:28:13,1967.40,5,B
09:28:13,1967.40,1,B
09:28:13,1967.40,1,M
09:28:13,1967.40,1,M
09:28:13,1967.40,18,M
09:28:13,1967.00,1,B
09:28:13,1967.00,1,B
09:28:13,1967.00,2,B
09:28:13,1967.00,10,B
09:28:13,1967.10,1,B
09:28:13,1967.10,1,B
09:28:13,1967.10,1,B
09:28:13,1967.20,1,B
09:28:13,1967.30,1,B
09:28:13,1967.30,1,B
09:28:13,1967.40,2,M
09:28:12,1967.40,1,M
09:28:12,1967.30,1,B
09:28:12,1967.30,1,B
09:28:12,1967.30,1,B
09:28:12,1967.30,1,B
09:28:12,1967.40,1,M
09:28:12,1967.30,2,B
09:28:12,1967.30,10,B
09:28:12,1967.30,2,B
09:28:11,1967.40,1,M
09:28:11,1967.40,1,B
09:28:11,1967.40,1,B
09:28:11,1967.40,2,B
09:28:11,1967.40,1,B
09:28:11,1967.40,1,B
09:28:11,1967.50,1,B
09:28:11,1967.50,2,B
09:28:11,1967.50,1,B
09:28:11,1967.50,1,B
09:28:11,1967.50,4,B
09:28:11,1967.50,2,B
09:28:11,1967.50,1,B
09:28:11,1967.50,1,B
09:28:11,1967.50,1,B
09:28:11,1967.50,1,B
09:28:11,1967.70,1,M
09:28:10,1967.50,16,B
09:28:10,1967.50,16,B
09:28:10,1967.50,1,B
09:28:10,1968.00,3,M
09:28:10,1968.00,16,M
09:28:10,1967.90,4,M
09:28:10,1967.90,10,M
09:28:09,1967.50,7,B
09:28:09,1967.70,1,B
09:28:09,1967.80,1,B
09:28:09,1967.80,1,B
09:28:09,1967.80,1,B
09:28:09,1967.80,1,B
09:28:09,1967.80,1,B
09:28:09,1967.80,1,B
09:28:09,1967.80,1,B
09:28:09,1967.80,1,B
09:28:09,1967.80,4,B
09:28:09,1967.80,16,B
09:28:07,1968.00,6,B
09:28:07,1968.00,1,B
09:28:07,1968.00,5,B
09:28:07,1968.00,1,B
09:28:07,1968.10,1,B
09:28:07,1968.10,1,B
09:28:07,1968.10,1,B
09:28:07,1968.10,1,B
09:28:06,1968.40,2,M
09:28:06,1968.40,1,M
09:28:06,1968.10,1,B
09:28:06,1968.10,2,B
09:28:06,1968.10,1,B
09:28:06,1968.10,1,B
09:28:05,1968.10,1,B
09:28:05,1968.10,1,B
09:28:05,1968.10,1,B
09:28:04,1968.10,1,B
09:28:02,1968.40,6,M
09:28:02,1968.20,7,M
09:28:01,1968.20,1,M
09:28:01,1968.20,1,M
09:27:59,1968.20,1,M
09:27:58,1968.40,1,M
09:27:58,1968.40,1,M
09:27:57,1968.50,1,M
09:27:57,1968.00,1,B
09:27:56,1968.50,1,M
09:27:56,1968.10,1,B
09:27:56,1968.50,1,M
09:27:55,1968.50,10,M
09:27:55,1968.50,1,M
09:27:55,1968.40,1,M
09:27:55,1968.20,3,M
09:27:55,1968.20,1,M
09:27:55,1968.20,1,M
09:27:54,1968.10,1,M
09:27:54,1967.70,3,B
09:27:54,1968.00,1,B
09:27:54,1967.60,1,B
09:27:54,1967.70,5,B
09:27:54,1967.70,1,B
09:27:54,1967.70,1,B
09:27:54,1967.80,7,B
09:27:54,1967.90,1,B
09:27:54,1967.90,2,B
09:27:54,1968.00,1,B
09:27:54,1968.10,1,B
09:27:52,1968.10,1,B
09:27:52,1968.10,6,B
09:27:52,1968.20,4,B
09:27:52,1968.20,1,B
09:27:52,1968.20,1,B
09:27:52,1968.20,1,B
09:27:52,1968.20,1,B
09:27:52,1968.30,2,B
09:27:52,1968.70,1,M
09:27:52,1968.70,1,M
09:27:52,1968.70,1,M
09:27:52,1968.70,2,M
09:27:52,1968.60,1,M
09:27:52,1968.60,1,M
09:27:52,1968.60,1,M
09:27:52,1968.50,5,M
09:27:52,1968.50,1,M
09:27:52,1968.40,2,M
09:27:52,1968.10,1,B
09:27:52,1968.10,2,B
09:27:52,1968.10,8,B
09:27:51,1968.10,5,B
09:27:51,1968.10,1,M
09:27:50,1968.00,2,B
09:27:50,1968.00,13,M
09:27:50,1968.00,7,M
09:27:50,1968.00,3,M
09:27:50,1968.00,1,M
09:27:50,1968.00,16,M
09:27:50,1968.00,9,M
09:27:50,1968.00,16,M
09:27:49,1968.00,10,M
09:27:49,1968.00,5,M
09:27:49,1967.90,1,B
09:27:49,1968.00,40,M
09:27:49,1968.00,8,M
09:27:48,1967.90,2,M
09:27:48,1967.90,1,M
09:27:48,1967.90,1,M
09:27:48,1967.90,2,M
09:27:48,1967.60,1,B
09:27:46,1967.40,1,B
09:27:46,1967.50,1,B
09:27:46,1967.50,1,B
09:27:46,1967.50,2,B
09:27:46,1967.50,1,B
09:27:46,1967.50,1,B
09:27:45,1967.50,9,B
09:27:44,1967.50,10,B
09:27:43,1967.50,10,B
09:27:42,1967.50,2,B
09:27:41,1967.50,10,B
09:27:41,1967.50,8,M
09:27:41,1967.40,2,B
09:27:40,1967.40,1,B
09:27:39,1967.40,1,B
09:27:39,1967.50,3,M
09:27:39,1967.40,1,B
09:27:39,1967.40,1,B
09:27:39,1967.40,1,B
09:27:39,1967.40,1,B
09:27:39,1967.50,1,B
09:27:39,1967.50,2,B
09:27:39,1967.50,4,B
09:27:39,1967.60,1,B
09:27:39,1967.60,1,B
09:27:39,1967.90,1,B
09:27:39,1967.90,15,B
09:27:38,1967.90,30,B
09:27:37,1968.00,1,M
09:27:37,1968.00,1,M
09:27:36,1967.90,5,B
09:27:35,1968.00,29,M
09:27:35,1968.00,1,B
09:27:35,1968.00,20,B
09:27:35,1968.10,2,B
09:27:35,1968.10,1,B
09:27:35,1968.40,17,B
09:27:34,1968.50,1,M
09:27:34,1968.40,1,B
09:27:33,1968.50,1,B
09:27:31,1968.40,2,B
09:27:31,1968.10,1,B
09:27:31,1968.20,2,B
09:27:31,1968.20,5,B
09:27:31,1968.20,1,B
09:27:31,1968.20,1,B
09:27:31,1968.70,1,M
09:27:30,1968.70,2,M
09:27:30,1968.60,2,M
09:27:29,1968.70,1,M
09:27:29,1968.60,1,M
09:27:29,1968.60,1,M
09:27:29,1968.50,5,M
09:27:29,1968.30,1,M
09:27:29,1968.10,2,M
09:27:27,1968.10,1,B
09:27:27,1968.10,1,B
09:27:27,1968.20,1,M
09:27:26,1968.10,1,M
09:27:26,1967.90,1,M
09:27:24,1967.70,1,B
09:27:24,1967.70,1,B
09:27:24,1967.80,1,B
09:27:24,1968.10,1,B
09:27:24,1968.20,1,B
09:27:24,1967.50,2,M
09:27:24,1967.50,5,B
09:27:24,1967.50,5,B
09:27:24,1967.60,1,B
09:27:24,1967.70,3,B
09:27:24,1968.00,1,B
09:27:24,1968.00,3,B
09:27:24,1968.00,3,B
09:27:24,1968.00,1,B
09:27:24,1968.10,1,B
09:27:24,1968.10,1,B
09:27:24,1968.10,1,B
09:27:24,1968.10,1,B
09:27:24,1968.10,1,B
09:27:24,1968.20,1,B
09:27:24,1968.20,1,B
09:27:24,1968.20,2,B
09:27:24,1968.30,1,B
09:27:24,1968.30,14,B
09:27:24,1968.50,1,B
09:27:23,1968.80,1,M
09:27:23,1968.80,6,M
09:27:23,1968.70,4,M
09:27:23,1968.70,1,M
09:27:23,1968.60,1,M
09:27:23,1968.60,3,M
09:27:23,1968.60,1,M
09:27:23,1968.60,3,M
09:27:23,1968.60,1,M
09:27:23,1968.60,2,M
09:27:23,1968.60,1,M
09:27:22,1968.60,3,M
09:27:22,1968.60,5,M
09:27:22,1968.60,1,M
09:27:22,1968.60,1,M
09:27:22,1968.50,2,M
09:27:22,1968.50,4,M
09:27:22,1968.50,2,M
09:27:22,1968.40,3,M
09:27:22,1968.40,7,M
09:27:22,1968.40,4,M
09:27:22,1968.40,1,M
09:27:21,1968.50,5,M
09:27:21,1968.50,1,M
09:27:21,1968.50,1,M
09:27:21,1968.50,1,M
09:27:21,1968.50,1,M
09:27:21,1968.50,1,M
09:27:21,1968.50,1,M
09:27:21,1968.40,1,M
09:27:21,1968.40,1,M
09:27:21,1968.40,1,M
09:27:21,1968.30,1,M
09:27:21,1968.20,2,M
09:27:20,1968.00,1,B
09:27:18,1968.00,1,M
09:27:17,1968.00,1,M
09:27:17,1967.80,1,B
09:27:17,1967.80,1,B
09:27:16,1968.00,18,M
09:27:16,1968.00,2,M
09:27:16,1968.00,5,M
09:27:16,1967.90,2,M
09:27:16,1967.90,1,M
09:27:16,1967.80,11,M
09:27:16,1967.80,1,M
09:27:14,1967.50,4,B
09:27:14,1967.60,1,B
09:27:13,1967.70,1,B
09:27:13,1967.70,1,B
09:27:12,1967.70,1,B
09:27:11,1967.70,1,B
09:27:11,1967.70,1,M
09:27:11,1967.60,25,M
09:27:11,1967.60,15,B
09:27:10,1967.60,15,M
09:27:09,1967.60,1,M
09:27:07,1967.70,24,B
09:27:06,1967.70,1,B
09:27:06,1967.70,1,B
09:27:06,1967.80,1,M
09:27:06,1967.70,20,B
09:27:05,1967.70,1,B
09:27:04,1967.70,3,M
09:27:04,1967.40,1,B
09:27:03,1967.40,1,B
09:27:03,1967.40,1,B
09:27:03,1967.50,1,B
09:27:03,1967.50,1,B
09:27:03,1967.50,1,B
09:27:03,1967.50,28,B
09:27:03,1967.50,1,B
09:27:03,1967.60,10,B
09:27:03,1967.60,1,B
09:27:03,1967.70,1,B
09:27:03,1967.70,1,B
09:27:02,1967.70,1,B
09:27:02,1967.70,1,B
09:27:02,1967.80,1,B
09:27:02,1967.80,1,B
09:27:02,1967.80,1,B
09:27:02,1967.80,1,B
09:27:02,1967.80,1,B
09:27:01,1967.80,1,B
09:27:01,1967.80,2,B
09:27:01,1967.80,1,B
09:27:01,1967.80,1,B
09:27:00,1967.80,1,B
09:27:00,1967.80,1,B
09:27:00,1967.80,1,B
09:27:00,1967.80,1,B
09:27:00,1967.80,1,B
09:26:59,1967.80,1,B
09:26:59,1967.80,1,B
09:26:59,1967.80,1,B
09:26:59,1967.80,1,B
09:26:59,1967.80,1,B
09:26:59,1967.80,1,B
09:26:59,1967.90,1,M
09:26:59,1967.90,1,M
09:26:59,1968.00,1,B
09:26:59,1968.00,7,B
09:26:58,1968.00,3,B
09:26:58,1968.00,1,B
09:26:58,1968.00,1,B
09:26:58,1968.00,1,B
09:26:58,1968.00,1,B
09:26:58,1968.00,1,B
09:26:58,1968.00,1,B
09:26:58,1968.00,1,B
09:26:58,1968.00,3,B
09:26:58,1968.00,1,B
09:26:58,1968.00,2,B
09:26:58,1968.00,1,B
09:26:58,1968.00,3,B
09:26:58,1968.00,30,B
09:26:58,1968.00,4,B
09:26:58,1968.10,3,B
09:26:58,1968.20,3,B
09:26:58,1968.20,1,B
09:26:58,1968.20,1,B
09:26:57,1968.00,5,B
09:26:57,1968.00,42,B
09:26:57,1968.00,41,B
09:26:55,1968.00,5,B
09:26:55,1968.20,5,B
09:26:55,1968.20,2,B
09:26:53,1968.20,1,B
09:26:53,1968.20,2,B
09:26:52,1968.00,1,B
09:26:52,1968.00,1,B
09:26:52,1968.00,1,B
09:26:52,1968.20,1,M
09:26:51,1968.00,15,B
09:26:51,1968.00,2,B
09:26:50,1968.00,12,B
09:26:50,1968.10,1,B
09:26:50,1968.10,1,B
09:26:50,1968.10,1,B
09:26:50,1968.10,5,B
09:26:49,1968.40,4,M
09:26:49,1968.20,5,B
09:26:49,1968.50,1,M
09:26:47,1968.70,1,M
09:26:47,1968.00,3,B
09:26:47,1968.10,1,B
09:26:47,1968.10,1,B
09:26:47,1968.10,1,B
09:26:47,1968.10,45,B
09:26:47,1968.20,1,B
09:26:47,1968.20,1,B
09:26:47,1968.20,1,B
09:26:47,1968.20,20,B
09:26:47,1968.30,1,B
09:26:47,1968.30,1,B
09:26:47,1968.30,1,B
09:26:47,1968.30,2,B
09:26:47,1968.30,1,B
09:26:46,1968.80,1,M
09:26:44,1968.30,1,B
09:26:44,1968.30,1,B
09:26:44,1968.30,1,B
09:26:44,1968.30,5,B
09:26:44,1968.30,1,B
09:26:44,1968.30,13,B
09:26:44,1968.60,1,B
09:26:44,1968.80,3,M
09:26:42,1968.50,1,B
09:26:42,1968.50,1,B
09:26:41,1969.00,3,M
09:26:41,1968.90,5,M
09:26:41,1968.90,1,M
09:26:41,1968.90,14,M
09:26:41,1968.80,1,M
09:26:41,1968.80,1,M
09:26:41,1968.80,1,M
09:26:39,1968.80,1,M
09:26:39,1968.80,4,M
09:26:39,1968.60,1,B
09:26:38,1968.80,1,B
09:26:38,1968.80,5,B
09:26:36,1969.00,4,M
09:26:36,1968.80,5,B
09:26:36,1969.00,1,M
09:26:36,1969.00,10,M
09:26:36,1968.80,1,B
09:26:36,1968.90,1,M
09:26:35,1968.90,1,M
09:26:35,1969.00,3,B
09:26:35,1969.00,5,B
09:26:35,1969.00,1,B
09:26:35,1969.00,20,B
09:26:35,1969.00,1,B
09:26:35,1969.10,3,B
09:26:35,1969.10,5,B
09:26:35,1969.30,2,M
09:26:34,1969.10,1,B
09:26:34,1969.10,1,B
09:26:34,1969.30,3,M
09:26:32,1969.00,1,B
09:26:32,1969.30,1,M
09:26:32,1969.00,1,B
09:26:32,1969.30,1,M
09:26:32,1969.30,3,M
09:26:32,1969.30,1,M
09:26:32,1969.30,6,M
09:26:31,1969.30,3,M
09:26:30,1969.00,2,B
09:26:30,1969.00,1,B
09:26:30,1969.10,1,B
09:26:30,1969.30,1,M
09:26:29,1969.30,2,M
09:26:28,1969.50,1,M
09:26:28,1969.50,1,M
09:26:27,1969.50,2,M
09:26:27,1969.50,2,M
09:26:27,1969.40,4,M
09:26:27,1969.30,1,M
09:26:27,1969.20,1,M
09:26:27,1969.20,1,M
09:26:27,1969.20,1,M
09:26:27,1969.10,1,M
09:26:27,1969.10,1,M
09:26:27,1969.10,1,M
09:26:27,1969.10,7,M
09:26:27,1969.10,1,M
09:26:26,1969.10,1,M
09:26:25,1969.00,6,M
09:26:23,1969.00,14,B
09:26:22,1969.00,4,B
09:26:22,1969.00,3,M
09:26:22,1969.00,1,M
09:26:22,1969.00,1,M
09:26:22,1969.00,6,M
09:26:22,1968.90,1,M
09:26:21,1968.80,1,B
09:26:21,1968.80,2,B
09:26:21,1968.80,1,M
09:26:21,1968.80,1,M
09:26:21,1968.80,15,M
09:26:21,1968.80,1,M
09:26:21,1968.80,1,M
09:26:21,1968.80,1,M
09:26:21,1968.80,2,M
09:26:21,1968.50,1,B
09:26:20,1968.40,1,M
09:26:20,1968.40,2,M
09:26:19,1968.30,1,B
09:26:17,1968.40,7,B
09:26:17,1968.40,1,B
09:26:17,1968.40,7,B
09:26:17,1968.40,2,B
09:26:17,1968.30,17,B
09:26:17,1968.40,1,B
09:26:17,1968.40,1,B
09:26:17,1968.50,21,B
09:26:17,1968.40,1,B
09:26:16,1968.40,2,B
09:26:16,1968.40,1,B
09:26:16,1968.40,1,B
09:26:16,1968.40,1,B
09:26:16,1968.80,1,M
09:26:16,1968.80,1,M
09:26:16,1968.80,1,M
09:26:16,1968.80,1,M
09:26:16,1968.80,4,M
09:26:16,1968.50,2,M
09:26:15,1968.30,1,B
09:26:14,1968.30,18,B
09:26:14,1968.30,1,B
09:26:14,1968.30,1,B
09:26:14,1968.30,1,B
09:26:14,1968.30,3,B
09:26:14,1968.30,2,B
09:26:13,1968.30,1,B
09:26:13,1968.30,1,B
09:26:13,1968.80,11,M
09:26:13,1968.80,3,M
09:26:13,1968.70,1,M
09:26:13,1968.50,1,M
09:26:13,1968.50,1,M
09:26:13,1968.50,9,M
09:26:13,1968.40,1,M
09:26:13,1968.40,1,M
09:26:13,1968.40,2,M
09:26:10,1968.40,1,B
09:26:09,1968.50,1,M
09:26:09,1968.40,3,M
09:26:09,1968.40,10,M
09:26:08,1968.40,1,B
09:26:08,1968.40,2,B
09:26:08,1968.40,14,B
09:26:08,1968.50,1,M
09:26:08,1968.50,4,M
09:26:08,1968.40,30,B
09:26:08,1968.50,4,M
09:26:08,1968.60,1,B
09:26:07,1968.70,1,M
09:26:07,1968.70,1,M
09:26:07,1968.70,4,M
09:26:07,1968.50,1,B
09:26:06,1968.60,2,M
09:26:05,1968.70,11,M
09:26:05,1968.50,6,M
09:26:04,1968.40,1,B
09:26:02,1968.40,5,B
09:26:02,1968.50,10,B
09:26:02,1968.50,2,M
09:26:01,1968.50,1,M
09:26:01,1968.40,1,B
09:26:01,1968.50,1,M
09:26:01,1968.50,2,M
09:26:01,1968.50,2,M
09:26:01,1968.50,10,B
09:26:00,1968.90,1,M
09:26:00,1968.80,15,M
09:26:00,1968.80,2,M
09:26:00,1968.70,3,M
09:26:00,1968.60,19,M
09:26:00,1968.60,1,B
09:26:00,1968.60,1,B
09:25:59,1968.70,1,B
09:25:59,1968.70,1,B
09:25:59,1969.00,5,M
09:25:59,1969.00,1,M
09:25:59,1968.90,1,M
09:25:59,1968.90,1,M
09:25:58,1968.90,1,M
09:25:58,1968.90,17,M
09:25:58,1968.90,1,M
09:25:58,1968.90,1,M
09:25:58,1968.90,15,M
09:25:57,1968.90,5,M
09:25:57,1968.80,5,M
09:25:57,1968.70,1,M
09:25:57,1968.70,1,B
09:25:56,1968.70,1,B
09:25:56,1968.80,1,M
09:25:56,1968.80,2,M
09:25:55,1968.70,3,M
09:25:55,1968.70,1,M
09:25:54,1968.60,1,B
09:25:54,1968.70,10,B
09:25:54,1968.80,1,M
09:25:54,1968.80,5,M
09:25:53,1968.90,1,M
09:25:53,1968.90,3,M
09:25:52,1968.90,1,B
09:25:52,1968.90,4,B
09:25:52,1968.90,3,B
09:25:52,1969.00,1,B
09:25:52,1969.00,2,B
09:25:52,1969.00,10,B
09:25:52,1969.00,1,B
09:25:52,1969.00,4,B
09:25:52,1969.10,1,M
09:25:51,1969.00,6,B
09:25:51,1969.10,1,M
09:25:51,1969.10,1,M
09:25:51,1969.10,1,B
09:25:51,1969.10,1,B
09:25:50,1969.10,10,B
09:25:50,1969.20,1,M
09:25:50,1969.20,2,M
09:25:50,1969.20,1,M
09:25:50,1969.20,1,M
09:25:49,1969.20,2,M
09:25:49,1969.30,12,M
09:25:49,1969.20,18,M
09:25:49,1969.10,1,B
09:25:49,1969.20,1,M
09:25:49,1969.10,1,B
09:25:49,1969.40,4,M
09:25:49,1969.40,1,M
09:25:48,1969.40,1,M
09:25:48,1969.30,1,M
09:25:48,1969.40,1,M
09:25:48,1969.40,1,M
09:25:48,1969.40,1,M
09:25:48,1969.40,1,M
09:25:48,1969.30,1,M
09:25:48,1969.30,3,M
09:25:48,1969.30,1,M
09:25:48,1969.30,1,M
09:25:48,1969.20,2,M
09:25:48,1969.20,1,M
09:25:48,1969.20,1,M
09:25:48,1969.10,1,M
09:25:48,1969.10,1,M
09:25:47,1969.10,1,M
09:25:47,1969.10,1,M
09:25:47,1969.00,1,M
09:25:47,1969.00,1,M
09:25:47,1969.00,1,M
09:25:47,1969.00,1,M
09:25:47,1969.00,1,M
09:25:47,1969.00,1,M
09:25:47,1969.00,6,M
09:25:47,1969.00,2,M
09:25:47,1969.00,1,M
09:25:47,1969.00,1,M
09:25:47,1969.00,1,M
09:25:47,1969.00,10,M
09:25:47,1969.00,1,M
09:25:47,1969.00,1,M
09:25:47,1969.00,2,M
09:25:47,1969.00,1,M
09:25:47,1969.00,1,M
09:25:47,1969.00,6,M
09:25:47,1969.00,2,M
09:25:47,1969.00,6,M
09:25:47,1969.00,1,M
09:25:46,1968.90,1,M
09:25:46,1968.90,1,M
09:25:46,1968.90,9,M
09:25:46,1968.90,1,M
09:25:46,1968.90,1,M
09:25:46,1968.90,10,M
09:25:46,1968.90,8,M
09:25:46,1968.90,3,M
09:25:46,1968.90,4,M
09:25:46,1968.90,13,M
09:25:46,1968.90,7,M
09:25:46,1968.80,1,M
09:25:46,1968.80,1,M
09:25:46,1968.80,1,M
09:25:46,1968.80,8,M
09:25:46,1968.80,2,M
09:25:46,1968.80,1,M
09:25:46,1968.80,1,M
09:25:46,1968.80,1,M
09:25:46,1968.80,15,M
09:25:46,1968.80,4,M
09:25:45,1968.80,16,M
09:25:45,1968.80,3,M
09:25:45,1968.80,3,M
09:25:45,1968.80,4,M
09:25:45,1968.80,30,M
09:25:45,1968.80,1,M
09:25:45,1968.80,30,M
09:25:45,1968.70,1,B
09:25:45,1968.80,1,M
09:25:44,1968.40,14,B
09:25:44,1968.50,1,B
09:25:44,1968.60,5,B
09:25:44,1968.60,1,B
09:25:44,1968.80,19,M
09:25:44,1968.80,1,M
09:25:44,1968.70,1,M
09:25:44,1968.70,4,M
09:25:44,1968.70,1,M
09:25:44,1968.70,2,M
09:25:44,1968.60,1,M
09:25:44,1968.60,1,M
09:25:44,1968.60,2,M
09:25:44,1968.60,1,M
09:25:44,1968.60,2,M
09:25:44,1968.60,1,M
09:25:44,1968.60,1,M
09:25:44,1968.50,1,M
09:25:44,1968.50,1,M
09:25:44,1968.50,1,M
09:25:43,1968.50,1,M
09:25:43,1968.60,5,M
09:25:43,1968.60,14,M
09:25:43,1968.60,4,M
09:25:41,1968.50,1,B
09:25:41,1968.60,1,M
09:25:41,1968.60,1,M
09:25:40,1968.60,1,M
09:25:40,1968.60,2,M
09:25:40,1968.60,1,M
09:25:40,1968.50,1,M
09:25:39,1968.50,3,M
09:25:39,1968.50,1,M
09:25:39,1968.50,1,M
09:25:34,1968.40,1,B
09:25:33,1968.50,1,B
09:25:32,1968.50,1,M
09:25:32,1968.50,2,M
09:25:32,1968.50,1,M
09:25:32,1968.50,6,M
09:25:32,1968.40,2,B
09:25:31,1968.50,1,M
09:25:31,1968.40,1,B
09:25:30,1968.40,28,B
09:25:30,1968.40,2,B
09:25:29,1968.40,1,B
09:25:29,1968.40,1,B
09:25:29,1968.50,1,M
09:25:29,1968.50,1,M
09:25:29,1968.50,1,M
09:25:28,1968.50,1,M
09:25:27,1968.40,5,B
09:25:26,1968.10,1,B
09:25:26,1968.40,50,B
09:25:26,1968.40,19,B
09:25:25,1968.40,1,B
09:25:25,1968.40,9,B
09:25:25,1968.40,20,B
09:25:24,1968.40,4,B
09:25:24,1968.50,1,M
09:25:24,1968.50,1,M
09:25:24,1968.40,10,B
09:25:23,1968.40,5,M
09:25:23,1968.40,2,M
09:25:23,1968.40,1,M
09:25:22,1968.10,1,B
09:25:22,1968.10,1,M
09:25:21,1968.00,5,B
09:25:21,1968.10,5,M
09:25:21,1968.10,5,B
09:25:21,1968.10,4,B
09:25:21,1968.10,2,B
09:25:21,1968.10,1,B
09:25:21,1968.10,1,B
09:25:21,1968.50,1,B
09:25:20,1968.50,1,M
09:25:20,1968.60,5,M
09:25:20,1968.50,1,M
09:25:20,1968.50,1,M
09:25:20,1968.50,1,M
09:25:20,1968.50,2,M
09:25:20,1968.30,4,M
09:25:19,1968.00,1,B
09:25:19,1968.10,1,B
09:25:19,1968.30,17,M
09:25:19,1968.20,8,M
09:25:19,1968.20,1,M
09:25:19,1968.10,1,B
09:25:19,1968.20,1,B
09:25:19,1968.20,1,B
09:25:19,1968.30,9,B
09:25:19,1968.30,1,B
09:25:19,1968.30,2,B
09:25:19,1968.50,15,M
09:25:19,1968.30,3,B
09:25:19,1968.30,2,B
09:25:19,1968.30,1,B
09:25:19,1968.40,4,B
09:25:19,1968.40,1,B
09:25:19,1968.50,3,B
09:25:19,1968.60,2,M
09:25:18,1968.60,1,M
09:25:18,1968.60,1,M
09:25:18,1968.60,1,M
09:25:17,1968.60,4,M
09:25:17,1968.60,1,M
09:25:17,1968.50,1,B
09:25:17,1968.60,1,M
09:25:17,1968.30,1,B
09:25:17,1968.40,1,B
09:25:16,1968.60,1,M
09:25:16,1968.60,1,M
09:25:16,1968.60,2,M
09:25:16,1968.60,1,M
09:25:16,1968.50,10,M
09:25:15,1968.50,1,M
09:25:15,1968.80,1,M
09:25:15,1968.70,2,M
09:25:15,1968.20,1,B
09:25:15,1968.80,7,M
09:25:15,1968.70,1,M
09:25:15,1968.70,1,M
09:25:15,1968.70,19,M
09:25:15,1968.70,1,M
09:25:15,1968.70,2,M
09:25:15,1968.60,5,M
09:25:15,1968.50,14,M
09:25:15,1968.50,1,M
09:25:14,1968.50,15,M
09:25:14,1968.20,1,B
09:25:14,1968.30,15,B
09:25:14,1968.30,1,B
09:25:14,1968.30,1,B
09:25:14,1968.30,2,B
09:25:14,1968.70,1,M
09:25:14,1968.60,29,B
09:25:14,1968.60,1,B
09:25:13,1968.70,1,M
09:25:13,1968.70,1,M
09:25:12,1968.70,1,M
09:25:12,1968.70,5,M
09:25:12,1968.70,5,M
09:25:12,1968.70,4,M
09:25:12,1968.70,1,M
09:25:12,1968.60,1,M
09:25:12,1968.60,1,M
09:25:12,1968.70,1,M
09:25:12,1968.70,8,M
09:25:12,1968.70,1,M
09:25:12,1968.70,5,M
09:25:12,1968.60,1,M
09:25:12,1968.60,1,M
09:25:12,1968.60,10,M
09:25:12,1968.40,1,M
09:25:12,1968.30,1,M
09:25:12,1968.00,1,B
09:25:12,1968.30,1,M
09:25:12,1968.30,1,M
09:25:12,1968.30,1,M
09:25:12,1968.30,1,M
09:25:12,1968.30,2,M
09:25:12,1968.20,1,M
09:25:12,1968.20,1,M
09:25:11,1968.20,1,M
09:25:11,1968.20,1,M
09:25:11,1968.20,1,M
09:25:11,1968.00,15,M
09:25:11,1968.00,1,M
09:25:11,1968.00,3,M
09:25:11,1968.00,2,M
09:25:11,1968.00,2,M
09:25:11,1968.00,1,M
09:25:11,1968.00,1,M
09:25:11,1968.00,6,M
09:25:11,1968.00,2,M
09:25:11,1968.00,2,M
09:25:11,1968.00,1,M
09:25:11,1968.00,2,M
09:25:11,1968.00,1,M
09:25:11,1968.00,4,M
09:25:11,1968.00,1,M
09:25:11,1968.00,1,M
09:25:11,1968.00,20,M
09:25:11,1968.00,1,M
09:25:11,1968.00,20,M
09:25:11,1968.00,4,M
09:25:11,1968.00,20,M
09:25:11,1968.00,2,M
09:25:11,1968.00,16,M
09:25:10,1968.00,4,M
09:25:10,1968.00,1,M
09:25:10,1968.00,6,M
09:25:10,1967.80,1,B
09:25:10,1968.00,1,M
09:25:10,1968.00,1,M
09:25:09,1968.00,12,M
09:25:09,1968.00,20,M
09:25:09,1968.00,1,M
09:25:09,1968.00,3,M
09:25:09,1967.80,2,B
09:25:09,1967.80,2,B
09:25:09,1967.80,1,B
09:25:09,1967.80,1,B
09:25:09,1967.80,1,B
09:25:09,1967.80,2,B
09:25:09,1967.80,1,B
09:25:09,1967.80,1,B
09:25:09,1967.80,1,B
09:25:09,1967.80,1,B
09:25:09,1967.80,1,B
09:25:09,1967.80,1,B
09:25:09,1967.80,3,B
09:25:09,1967.90,2,B
09:25:09,1968.00,1,M
09:25:08,1968.00,1,M
09:25:08,1967.90,2,B
09:25:08,1968.00,1,M
09:25:08,1968.00,2,M
09:25:07,1968.00,1,M
09:25:07,1968.00,2,M
09:25:07,1967.80,3,B
09:25:07,1967.80,6,B
09:25:07,1967.90,1,B
09:25:07,1968.00,4,M
09:25:06,1968.00,5,M
09:25:06,1968.00,6,M
09:25:06,1968.00,1,M
09:25:06,1967.90,1,B
09:25:05,1968.00,11,M
09:25:05,1967.80,1,B
09:25:05,1968.00,5,M
09:25:05,1968.00,1,M
09:25:04,1968.00,1,M
09:25:04,1968.00,1,M
09:25:04,1967.90,1,M
09:25:03,1967.90,1,M
09:25:03,1968.00,14,M
09:25:03,1967.90,5,M
09:25:03,1967.90,10,M
09:25:02,1967.90,1,M
09:25:02,1968.00,2,M
09:25:01,1967.80,5,B
09:25:01,1967.80,2,B
09:25:01,1967.80,1,B
09:25:01,1968.00,1,M
09:25:01,1968.00,1,M
09:25:01,1968.00,1,M
09:25:01,1968.00,1,M
09:25:00,1968.00,3,M
09:25:00,1968.00,1,M
09:25:00,1968.00,3,M
09:25:00,1968.00,4,M
09:25:00,1967.90,1,B
09:25:00,1968.00,3,M
09:25:00,1968.00,10,M
09:25:00,1968.00,1,M
09:25:00,1968.00,5,M
09:25:00,1968.00,3,M
09:25:00,1968.00,1,M
09:25:00,1968.00,3,M
09:25:00,1968.00,1,M
09:25:00,1968.00,5,M
09:24:59,1968.00,2,M
09:24:59,1968.00,1,M
09:24:59,1968.00,3,M
09:24:59,1968.00,15,M
09:24:59,1968.00,5,M
09:24:59,1967.90,2,M
09:24:59,1967.90,3,M
09:24:59,1967.90,9,M
09:24:59,1967.90,1,M
09:24:59,1967.90,1,M
09:24:59,1967.90,1,M
09:24:59,1967.90,15,M
09:24:59,1967.90,2,M
09:24:59,1967.90,1,M
09:24:59,1967.80,1,M
09:24:59,1967.80,1,M
09:24:59,1967.80,1,M
09:24:59,1967.80,3,M
09:24:59,1967.80,4,M
09:24:59,1967.80,12,M
09:24:58,1967.80,2,M
09:24:58,1967.80,2,M
09:24:58,1967.80,2,M
09:24:58,1967.80,6,M
09:24:58,1967.80,5,M
09:24:58,1967.80,8,M
09:24:58,1967.80,3,M
09:24:58,1967.80,2,M
09:24:58,1967.80,9,M
09:24:58,1967.80,13,M
09:24:58,1967.70,1,B
09:24:58,1967.80,2,M
09:24:58,1967.80,2,M
09:24:58,1967.80,3,M
09:24:58,1967.80,1,M
09:24:58,1967.80,14,M
09:24:58,1967.80,1,M
09:24:58,1967.80,6,M
09:24:58,1967.80,1,M
09:24:58,1967.80,2,M
09:24:58,1967.80,1,M
09:24:58,1967.80,8,M
09:24:58,1967.80,2,M
09:24:58,1967.80,5,M
09:24:58,1967.80,4,M
09:24:58,1967.80,7,M
09:24:58,1967.80,1,M
09:24:58,1967.80,12,M
09:24:58,1967.80,1,M
09:24:58,1967.80,3,M
09:24:58,1967.80,3,M
09:24:58,1967.80,11,M
09:24:57,1967.80,3,M
09:24:57,1967.80,2,M
09:24:57,1967.80,1,M
09:24:57,1967.80,6,M
09:24:57,1967.80,1,M
09:24:57,1967.80,7,M
09:24:57,1967.80,1,M
09:24:57,1967.80,8,M
09:24:57,1967.80,1,M
09:24:57,1967.80,5,M
09:24:57,1967.80,5,M
09:24:57,1967.70,2,B
09:24:56,1967.80,1,M
09:24:56,1967.70,4,M
09:24:56,1967.70,1,M
09:24:55,1967.50,1,B
09:24:55,1967.80,2,M
09:24:55,1967.80,1,M
09:24:55,1967.80,8,M
09:24:55,1967.80,1,M
09:24:55,1967.70,10,M
09:24:55,1967.70,1,M
09:24:55,1967.70,1,M
09:24:55,1967.70,1,M
09:24:54,1967.70,1,M
09:24:54,1967.60,1,M
09:24:53,1967.30,1,B
09:24:53,1967.70,1,M
09:24:52,1967.70,1,M
09:24:52,1967.20,1,B
09:24:52,1967.20,1,B
09:24:52,1967.20,1,B
09:24:52,1967.50,10,B
09:24:52,1967.50,7,B
09:24:52,1967.70,20,B
09:24:52,1967.80,1,M
09:24:52,1967.70,4,M
09:24:51,1967.50,3,B
09:24:51,1967.50,1,B
09:24:51,1967.50,6,B
09:24:51,1967.70,4,M
09:24:51,1967.60,1,B
09:24:51,1967.70,4,M
09:24:51,1967.70,6,M
09:24:51,1967.70,19,M
09:24:51,1967.70,1,M
09:24:51,1967.70,1,M
09:24:50,1967.80,2,M
09:24:49,1967.70,1,M
09:24:49,1967.70,1,M
09:24:49,1967.70,1,M
09:24:49,1967.70,1,M
09:24:49,1967.70,1,M
09:24:49,1967.50,1,M
09:24:48,1967.50,1,M
09:24:48,1967.60,1,M
09:24:48,1967.50,1,M
09:24:47,1967.30,1,B
09:24:46,1967.50,1,M
09:24:44,1967.50,1,M
09:24:44,1967.60,10,M
09:24:44,1967.50,1,B
09:24:44,1967.30,1,M
09:24:44,1967.30,1,M
09:24:42,1967.50,1,M
09:24:42,1967.50,1,M
09:24:41,1967.50,1,M
09:24:41,1967.70,2,M
09:24:41,1967.60,4,M
09:24:41,1967.60,1,M
09:24:41,1967.00,1,B
09:24:41,1967.00,1,B
09:24:41,1967.20,1,B
09:24:41,1967.20,1,B
09:24:41,1967.20,1,B
09:24:41,1967.30,1,B
09:24:41,1967.40,2,B
09:24:41,1967.40,10,B
09:24:41,1967.50,1,B
09:24:41,1967.50,1,B
09:24:41,1967.50,3,B
09:24:40,1967.80,12,M
09:24:40,1967.80,8,M
09:24:40,1967.50,19,M
09:24:40,1967.50,1,M
09:24:40,1967.50,2,M
09:24:39,1967.40,4,B
09:24:39,1967.50,1,M
09:24:39,1967.50,1,M
09:24:39,1967.50,1,M
09:24:39,1967.80,8,M
09:24:39,1967.80,2,M
09:24:38,1967.80,3,M
09:24:38,1967.80,1,M
09:24:38,1967.80,4,M
09:24:38,1967.70,11,M
09:24:38,1967.60,1,M
09:24:38,1967.50,1,M
09:24:38,1967.50,1,M
09:24:38,1967.70,1,M
09:24:38,1966.90,1,B
09:24:38,1967.40,1,M
09:24:38,1967.40,2,M
09:24:37,1967.80,1,M
09:24:37,1967.50,1,M
09:24:37,1967.80,2,M
09:24:37,1967.80,3,M
09:24:37,1967.80,2,M
09:24:37,1967.80,9,M
09:24:37,1967.80,1,M
09:24:37,1967.80,7,M
09:24:37,1967.80,1,M
09:24:37,1967.80,3,M
09:24:37,1967.70,1,M
09:24:37,1967.70,2,M
09:24:37,1967.60,1,M
09:24:37,1967.50,80,M
09:24:37,1967.50,1,M
09:24:37,1967.50,5,M
09:24:37,1967.40,1,M
09:24:37,1967.40,1,M
09:24:37,1967.40,1,M
09:24:37,1967.30,1,M
09:24:37,1967.30,1,M
09:24:37,1967.30,1,M
09:24:37,1967.30,3,M
09:24:37,1967.30,1,M
09:24:37,1967.30,5,M
09:24:37,1967.20,15,M
09:24:37,1967.20,4,M
09:24:37,1967.20,1,M
09:24:37,1967.20,2,M
09:24:37,1967.00,2,M
09:24:37,1967.00,1,M
09:24:37,1967.00,3,M
09:24:37,1967.00,1,M
09:24:37,1967.00,1,M
09:24:37,1967.00,15,M
09:24:37,1967.00,50,M
09:24:37,1967.00,15,M
09:24:37,1967.00,1,M
09:24:37,1967.00,3,M
09:24:37,1967.00,1,M
09:24:37,1967.00,5,M
09:24:37,1967.00,1,M
09:24:37,1967.00,1,M
09:24:37,1967.00,1,M
09:24:37,1966.90,1,M
09:24:37,1966.80,21,M
09:24:37,1966.80,2,M
09:24:37,1966.80,1,M
09:24:36,1966.80,1,M
09:24:36,1966.80,1,M
09:24:35,1966.80,1,M
09:24:34,1966.70,1,M
09:24:33,1966.70,1,M
09:24:33,1966.70,1,M
09:24:33,1966.20,1,B
09:24:33,1966.80,1,M
09:24:33,1966.80,1,M
09:24:33,1966.70,1,M
09:24:33,1966.70,1,M
09:24:33,1966.70,4,M
09:24:33,1966.70,6,M
09:24:33,1966.70,5,M
09:24:33,1966.60,1,M
09:24:33,1966.20,1,B
09:24:33,1966.50,6,B
09:24:33,1966.50,6,B
09:24:33,1966.50,1,B
09:24:31,1966.50,5,B
09:24:30,1966.50,2,M
09:24:30,1966.50,6,M
09:24:28,1966.10,1,B
09:24:27,1966.50,1,M
09:24:27,1966.50,1,M
09:24:27,1966.40,1,M
09:24:26,1966.40,1,M
09:24:25,1966.00,1,B
09:24:25,1966.00,1,B
09:24:25,1966.50,1,M
09:24:24,1966.40,1,M
09:24:24,1966.30,1,M
09:24:24,1966.30,1,M
09:24:24,1965.80,10,B
09:24:24,1965.90,1,B
09:24:24,1966.00,1,B
09:24:24,1966.00,2,B
09:24:24,1966.00,1,B
09:24:24,1966.00,1,B
09:24:21,1966.00,1,B
09:24:21,1966.00,1,B
09:24:21,1966.50,1,M
09:24:21,1966.50,1,M
09:24:21,1966.20,1,M
09:24:18,1966.50,3,M
09:24:18,1966.40,1,M
09:24:18,1966.40,1,M
09:24:18,1966.00,1,M
09:24:18,1966.00,11,M
09:24:18,1966.00,1,M
09:24:17,1966.00,1,M
09:24:16,1965.90,1,B
09:24:16,1966.00,1,M
09:24:16,1966.00,1,M
09:24:16,1966.00,1,M
09:24:16,1966.00,2,M
09:24:15,1966.00,2,M
09:24:15,1966.00,1,M
09:24:15,1966.00,15,M
09:24:15,1966.00,1,M
09:24:14,1966.00,1,B
09:24:14,1966.00,1,B
09:24:14,1966.00,2,B
09:24:14,1966.00,4,B
09:24:14,1966.00,1,B
09:24:14,1966.00,1,B
09:24:14,1966.00,1,B
09:24:14,1966.00,1,B
09:24:14,1966.00,10,B
09:24:14,1966.10,1,B
09:24:14,1966.10,1,B
09:24:14,1966.10,5,B
09:24:14,1966.20,1,B
09:24:14,1966.20,1,B
09:24:14,1966.20,1,B
09:24:14,1966.20,3,B
09:24:14,1966.20,2,B
09:24:14,1966.20,8,B
09:24:14,1966.30,4,B
09:24:14,1966.30,1,B
09:24:14,1966.50,1,M
09:24:14,1966.70,1,M
09:24:14,1966.70,2,M
09:24:13,1966.70,8,M
09:24:13,1966.70,2,M
09:24:13,1966.60,2,M
09:24:13,1966.60,5,M
09:24:13,1966.60,3,M
09:24:13,1966.60,1,M
09:24:13,1966.50,1,M
09:24:13,1966.50,2,M
09:24:13,1966.30,1,B
09:24:13,1966.50,3,M
09:24:13,1966.50,1,M
09:24:13,1966.50,1,M
09:24:12,1966.50,1,M
09:24:12,1966.50,3,M
09:24:12,1966.30,1,B
09:24:12,1966.50,1,M
09:24:12,1966.50,1,M
09:24:12,1966.50,1,M
09:24:11,1966.50,3,M
09:24:10,1966.20,5,B
09:24:10,1966.50,1,M
09:24:10,1966.50,1,M
09:24:09,1966.50,12,M
09:24:09,1966.50,15,M
09:24:09,1966.50,3,M
09:24:09,1966.50,9,M
09:24:09,1966.50,8,M
09:24:09,1966.50,16,M
09:24:09,1966.50,17,M
09:24:09,1966.20,1,B
09:24:09,1966.50,1,M
09:24:09,1966.50,1,M
09:24:09,1966.50,1,M
09:24:09,1966.50,1,M
09:24:09,1966.50,1,M
09:24:08,1966.50,1,M
09:24:08,1966.50,2,M
09:24:08,1966.50,1,M
09:24:07,1966.50,1,M
09:24:07,1966.50,1,M
09:24:07,1966.50,1,M
09:24:06,1966.50,1,M
09:24:06,1966.50,1,M
09:24:05,1966.50,1,M
09:24:03,1966.50,1,M
09:24:03,1966.50,3,M
09:24:03,1966.50,10,M
09:24:03,1966.50,2,M
09:24:03,1966.30,12,M
09:24:03,1966.40,1,M
09:24:03,1966.40,1,M
09:24:03,1966.30,1,B
09:24:03,1966.50,1,M
09:24:02,1966.30,1,M
09:24:01,1966.50,1,M
09:24:00,1966.50,12,M
09:24:00,1966.50,2,M
09:24:00,1966.50,1,M
09:24:00,1966.20,1,B
09:23:59,1966.20,1,B
09:23:58,1966.60,1,M
09:23:57,1966.20,1,B
09:23:57,1966.20,2,B
09:23:57,1966.50,5,M
09:23:57,1966.50,1,M
09:23:57,1966.50,5,M
09:23:57,1966.50,1,M
09:23:57,1966.50,1,M
09:23:57,1966.50,2,M
09:23:56,1966.50,1,M
09:23:55,1966.50,1,M
09:23:55,1966.20,2,B
09:23:54,1966.50,1,M
09:23:54,1966.40,1,M
09:23:53,1966.40,1,M
09:23:52,1966.00,1,B
09:23:51,1966.10,2,M
09:23:51,1966.00,2,B
09:23:51,1966.00,5,B
09:23:51,1966.00,2,M
09:23:51,1966.00,1,M
09:23:50,1966.00,1,M
09:23:50,1966.00,1,M
09:23:50,1966.00,5,M
09:23:49,1966.00,1,M
09:23:49,1966.00,1,M
09:23:49,1966.00,1,M
09:23:48,1965.80,1,B
09:23:48,1965.80,1,B
09:23:48,1966.00,4,M
09:23:47,1965.80,1,B
09:23:47,1966.00,10,M
09:23:47,1966.00,1,M
09:23:46,1966.00,1,M
09:23:43,1966.00,17,M
09:23:42,1966.00,21,M
09:23:41,1966.00,1,M
09:23:40,1966.00,1,B
09:23:40,1966.00,1,B
09:23:40,1966.00,1,B
09:23:40,1966.00,1,B
09:23:40,1966.00,16,B
09:23:40,1966.00,3,B
09:23:40,1966.10,1,B
09:23:40,1966.10,1,B
09:23:40,1966.10,7,B
09:23:40,1966.10,6,B
09:23:40,1966.20,6,B
09:23:39,1966.20,1,B
09:23:38,1966.20,1,B
09:23:38,1966.20,2,B
09:23:37,1966.50,10,M
09:23:37,1966.50,1,M
09:23:37,1966.50,1,M
09:23:37,1966.50,1,M
09:23:37,1966.50,5,M
09:23:35,1966.10,12,B
09:23:35,1966.10,1,B
09:23:34,1966.40,1,B
09:23:34,1966.40,1,B
09:23:34,1966.40,12,B
09:23:34,1966.10,1,B
09:23:34,1966.10,1,B
09:23:34,1966.30,1,B
09:23:31,1966.30,2,B
09:23:30,1966.40,7,M
09:23:30,1966.40,6,M
09:23:30,1966.30,1,M
09:23:30,1966.30,1,M
09:23:30,1966.30,1,M
09:23:30,1966.20,1,M
09:23:30,1966.00,1,B
09:23:29,1966.00,5,M
09:23:29,1966.00,1,M
09:23:29,1965.90,1,M
09:23:28,1966.00,1,M
09:23:28,1966.00,1,M
09:23:27,1966.00,1,M
09:23:27,1966.00,1,M
09:23:26,1965.80,1,B
09:23:25,1965.80,1,B
09:23:24,1965.80,1,B
09:23:24,1965.80,1,B
09:23:24,1965.80,1,B
09:23:24,1965.80,1,B
09:23:23,1965.80,1,B
09:23:21,1965.80,2,B
09:23:21,1966.00,3,B
09:23:21,1966.20,1,M
09:23:20,1966.00,10,B
09:23:20,1966.00,1,M
09:23:20,1966.00,1,M
09:23:20,1966.00,1,M
09:23:20,1965.90,1,M
09:23:20,1965.80,1,B
09:23:20,1965.80,1,B
09:23:19,1965.70,1,B
09:23:19,1965.70,1,M
09:23:19,1965.70,1,B
09:23:19,1965.80,2,M
09:23:18,1965.70,1,B
09:23:18,1965.80,1,M
09:23:18,1965.80,1,M
09:23:18,1965.80,15,M
09:23:18,1965.70,1,B
09:23:18,1965.80,2,M
09:23:18,1965.60,2,B
09:23:18,1965.70,1,B
09:23:18,1965.70,1,B
09:23:17,1965.70,1,B
09:23:17,1965.80,1,M
09:23:17,1965.80,2,M
09:23:17,1965.70,1,B
09:23:17,1965.70,1,B
09:23:17,1965.70,1,B
09:23:17,1965.70,1,B
09:23:17,1965.70,1,B
09:23:17,1965.70,1,B
09:23:16,1965.70,1,B
09:23:16,1965.70,1,M
09:23:16,1965.70,1,M
09:23:16,1965.60,5,B
09:23:16,1965.60,4,B
09:23:16,1965.70,1,B
09:23:16,1965.80,1,B
09:23:16,1965.80,1,B
09:23:16,1965.80,1,B
09:23:16,1965.80,1,B
09:23:16,1965.80,7,B
09:23:16,1965.80,8,B
09:23:16,1965.80,2,B
09:23:16,1965.80,4,B
09:23:16,1965.90,1,B
09:23:16,1965.90,1,B
09:23:16,1966.00,1,B
09:23:16,1966.00,1,B
09:23:16,1966.00,2,B
09:23:15,1966.10,1,B
09:23:14,1966.50,1,M
09:23:14,1966.50,11,M
09:23:14,1966.50,6,M
09:23:14,1966.50,1,M
09:23:13,1966.00,2,B
09:23:13,1966.10,1,B
09:23:13,1966.30,1,M
09:23:12,1966.10,1,B
09:23:12,1966.10,1,B
09:23:10,1966.00,7,B
09:23:10,1966.00,1,B
09:23:10,1966.10,1,B
09:23:10,1966.20,1,B
09:23:09,1966.50,1,M
09:23:08,1966.50,1,M
09:23:08,1966.10,6,B
09:23:08,1966.20,1,B
09:23:08,1966.20,1,B
09:23:08,1966.20,1,B
09:23:08,1966.20,1,B
09:23:08,1966.50,1,M
09:23:08,1966.50,1,M
09:23:06,1966.10,5,B
09:23:06,1966.10,1,B
09:23:06,1966.10,1,B
09:23:06,1966.10,1,B
09:23:06,1966.20,1,B
09:23:06,1966.20,1,B
09:23:06,1966.20,1,B
09:23:06,1966.20,1,B
09:23:06,1966.40,1,B
09:23:06,1966.60,2,B
09:23:06,1966.60,1,B
09:23:06,1966.60,1,B
09:23:06,1966.70,1,B
09:23:06,1966.70,1,M
09:23:05,1966.70,1,M
09:23:05,1966.90,1,M
09:23:05,1967.00,1,M
09:23:05,1966.90,1,M
09:23:05,1966.90,1,M
09:23:05,1966.70,1,M
09:23:05,1966.70,1,M
09:23:05,1966.60,12,M
09:23:04,1966.60,2,M
09:23:03,1966.60,1,M
09:23:03,1966.10,1,B
09:23:03,1966.70,1,M
09:23:03,1966.60,1,M
09:23:02,1966.60,1,M
09:23:02,1966.60,1,M
09:23:02,1966.60,1,M
09:23:02,1966.50,1,M
09:23:02,1966.50,1,M
09:23:02,1966.00,1,B
09:23:02,1966.00,1,B
09:23:02,1966.40,1,M
09:23:02,1966.10,1,B
09:23:02,1966.10,1,B
09:23:01,1966.10,1,B
09:23:01,1966.40,1,B
09:23:01,1966.40,1,B
09:23:00,1966.40,1,B
09:23:00,1966.40,1,B
09:23:00,1966.40,1,B
09:23:00,1966.40,1,B
09:23:00,1966.40,17,B
09:23:00,1966.50,1,M
09:23:00,1966.50,1,M
09:23:00,1966.40,1,B
09:23:00,1966.40,1,B
09:23:00,1966.50,1,M
09:23:00,1966.50,1,M
09:23:00,1966.50,1,M
09:23:00,1966.50,1,M
09:23:00,1966.50,1,M
09:23:00,1966.50,1,M
09:22:59,1966.50,1,M
09:22:59,1966.50,1,M
09:22:59,1966.50,1,M
09:22:59,1966.50,2,M
09:22:58,1966.40,1,B
09:22:58,1966.40,19,B
09:22:57,1966.40,1,B
09:22:57,1966.50,1,M
09:22:57,1966.00,1,B
09:22:56,1966.00,7,B
09:22:56,1966.10,1,B
09:22:56,1966.10,1,B
09:22:56,1966.00,3,B
09:22:56,1966.00,5,M
09:22:56,1966.00,2,M
09:22:56,1966.00,13,M
09:22:56,1966.00,30,M
09:22:56,1965.90,1,B
09:22:56,1965.60,2,B
09:22:55,1965.80,5,B
09:22:55,1965.80,15,B
09:22:55,1965.80,1,B
09:22:55,1966.00,17,M
09:22:55,1965.90,1,M
09:22:55,1965.80,1,M
09:22:55,1965.80,14,M
09:22:55,1965.80,1,M
09:22:54,1965.80,1,M
09:22:54,1965.60,1,B
09:22:53,1965.70,2,B
09:22:53,1965.80,1,M
09:22:53,1965.80,1,M
09:22:52,1965.80,14,M
09:22:52,1965.80,15,M
09:22:52,1965.80,2,M
09:22:52,1965.70,1,M
09:22:52,1965.70,1,M
09:22:52,1965.80,33,M
09:22:52,1965.80,1,M
09:22:52,1965.80,1,M
09:22:52,1965.80,11,M
09:22:52,1965.80,3,M
09:22:52,1965.70,1,M
09:22:51,1965.60,1,B
09:22:51,1965.60,1,B
09:22:51,1965.60,2,B
09:22:51,1965.60,4,B
09:22:51,1965.80,17,M
09:22:51,1965.70,1,M
09:22:51,1965.70,1,M
09:22:51,1965.70,1,M
09:22:51,1965.60,7,B
09:22:50,1965.60,9,B
09:22:50,1965.60,25,B
09:22:50,1965.70,1,M
09:22:50,1965.60,7,B
09:22:49,1965.60,3,B
09:22:49,1965.60,1,B
09:22:49,1965.70,5,M
09:22:49,1965.60,1,B
09:22:49,1965.60,6,B
09:22:49,1965.60,1,B
09:22:49,1965.60,1,B
09:22:49,1965.60,5,B
09:22:48,1965.70,1,B
09:22:48,1965.70,1,B
09:22:48,1965.70,1,B
09:22:48,1965.70,6,B
09:22:48,1965.70,1,B
09:22:48,1965.80,1,M
09:22:48,1965.70,1,B
09:22:47,1965.70,5,B
09:22:47,1965.80,1,M
09:22:47,1965.70,6,B
09:22:47,1965.70,1,B
09:22:47,1965.70,3,B
09:22:46,1965.70,1,B
09:22:46,1965.80,1,M
09:22:46,1965.70,2,B
09:22:45,1965.80,1,M
09:22:45,1965.70,14,B
09:22:45,1965.70,1,B
09:22:45,1965.70,4,B
09:22:44,1965.80,1,B
09:22:44,1965.80,1,B
09:22:44,1965.80,2,B
09:22:44,1965.80,1,B
09:22:44,1965.80,2,B
09:22:44,1965.80,1,B
09:22:44,1965.80,1,B
09:22:44,1966.00,1,M
09:22:44,1965.90,1,M
09:22:44,1965.80,1,B
09:22:44,1965.90,1,M
09:22:44,1965.80,1,B
09:22:44,1965.80,1,B
09:22:44,1965.80,1,B
09:22:44,1965.80,1,B
09:22:44,1965.80,1,B
09:22:44,1965.80,1,B
09:22:43,1965.90,1,B
09:22:43,1966.00,1,B
09:22:43,1966.00,1,B
09:22:43,1966.00,1,B
09:22:43,1966.00,2,B
09:22:43,1966.00,1,B
09:22:43,1966.00,5,B
09:22:43,1966.00,1,B
09:22:43,1966.00,1,B
09:22:43,1966.00,1,B
09:22:43,1966.00,1,B
09:22:43,1966.00,2,B
09:22:43,1966.00,1,B
09:22:43,1966.00,1,B
09:22:43,1966.00,4,B
09:22:43,1966.00,2,B
09:22:43,1966.10,2,B
09:22:43,1966.10,12,B
09:22:42,1966.00,2,B
09:22:42,1966.00,1,B
09:22:42,1966.00,1,B
09:22:42,1966.00,1,B
09:22:42,1966.00,1,B
09:22:42,1966.00,3,B
09:22:42,1966.00,1,B
09:22:42,1966.00,1,B
09:22:42,1966.00,4,B
09:22:42,1966.00,1,B
09:22:42,1966.00,1,B
09:22:42,1966.00,2,B
09:22:42,1966.10,1,B
09:22:42,1966.30,1,B
09:22:42,1966.40,2,B
09:22:41,1966.40,1,B
09:22:40,1966.00,8,B
09:22:40,1966.10,12,B
09:22:39,1966.00,2,B
09:22:39,1966.00,12,B
09:22:39,1966.20,8,B
09:22:38,1966.20,1,B
09:22:38,1966.20,1,B
09:22:38,1966.10,1,B
09:22:38,1966.10,1,B
09:22:38,1966.10,1,B
09:22:38,1966.10,2,B
09:22:38,1966.10,1,B
09:22:38,1966.10,2,B
09:22:38,1966.10,1,B
09:22:38,1966.10,1,B
09:22:38,1966.20,1,B
09:22:38,1966.20,1,B
09:22:38,1966.20,1,B
09:22:38,1966.20,1,B
09:22:38,1966.30,1,B
09:22:38,1966.40,1,B
09:22:38,1966.80,1,M
09:22:38,1966.50,1,B
09:22:38,1966.50,1,B
09:22:38,1966.50,1,B
09:22:38,1966.50,1,B
09:22:38,1966.50,1,B
09:22:38,1966.60,1,B
09:22:38,1966.60,3,B
09:22:38,1966.70,1,B
09:22:38,1966.70,1,B
09:22:37,1967.20,1,M
09:22:37,1967.20,1,M
09:22:37,1967.00,1,M
09:22:37,1966.90,1,M
09:22:37,1966.80,1,M
09:22:37,1967.00,3,M
09:22:37,1966.90,1,M
09:22:37,1966.90,13,M
09:22:37,1966.60,4,B
09:22:36,1966.60,2,B
09:22:34,1966.60,1,B
09:22:34,1966.60,2,B
09:22:34,1966.60,2,B
09:22:34,1966.60,1,B
09:22:34,1966.60,1,B
09:22:34,1966.60,1,B
09:22:34,1966.60,1,B
09:22:34,1966.60,1,B
09:22:33,1966.90,1,M
09:22:33,1966.80,1,M
09:22:33,1966.80,2,M
09:22:33,1966.70,2,M
09:22:33,1966.60,1,B
09:22:32,1966.60,1,B
09:22:32,1966.60,6,B
09:22:32,1966.90,1,M
09:22:31,1966.80,1,M
09:22:31,1966.60,10,B
09:22:31,1966.80,1,M
09:22:30,1966.80,8,B
09:22:30,1966.80,1,B
09:22:30,1966.90,1,B
09:22:30,1966.90,1,B
09:22:30,1966.90,5,B
09:22:30,1967.00,2,B
09:22:30,1967.00,1,M
09:22:30,1967.00,1,M
09:22:29,1966.90,10,B
09:22:28,1967.00,2,M
09:22:27,1966.90,5,B
09:22:27,1967.00,1,M
09:22:27,1967.00,1,M
09:22:27,1967.00,1,M
09:22:27,1967.00,1,M
09:22:27,1967.00,1,M
09:22:27,1967.00,5,M
09:22:27,1967.00,1,M
09:22:27,1967.00,1,B
09:22:27,1967.00,1,B
09:22:27,1967.00,1,B
09:22:27,1967.00,1,B
09:22:27,1967.00,1,B
09:22:27,1967.00,1,B
09:22:27,1967.10,1,B
09:22:27,1967.10,1,B
09:22:27,1967.10,1,B
09:22:27,1967.10,1,B
09:22:27,1967.10,1,B
09:22:27,1967.20,2,B
09:22:27,1967.30,2,B
09:22:27,1967.80,1,M
09:22:27,1967.80,1,M
09:22:27,1967.70,10,M
09:22:27,1967.70,1,M
09:22:27,1967.70,8,M
09:22:27,1967.60,1,M
09:22:27,1967.30,2,M
09:22:26,1967.20,1,B
09:22:26,1967.20,1,B
09:22:26,1967.20,2,B
09:22:25,1967.60,1,B
09:22:25,1967.60,2,M
09:22:25,1967.60,3,M
09:22:24,1967.60,17,M
09:22:24,1967.30,1,B
09:22:24,1967.60,1,M
09:22:23,1967.60,2,M
09:22:23,1967.60,2,M
09:22:23,1967.60,1,M
09:22:23,1967.60,2,M
09:22:23,1967.60,1,M
09:22:23,1967.60,2,M
09:22:23,1967.60,1,M
09:22:23,1967.30,1,B
09:22:23,1967.40,1,B
09:22:21,1967.60,1,M
09:22:20,1967.60,1,M
09:22:19,1967.60,4,M
09:22:19,1967.60,1,M
09:22:19,1967.60,1,M
09:22:19,1967.60,1,M
09:22:19,1967.60,1,M
09:22:19,1967.60,1,M
09:22:19,1967.30,1,M
09:22:19,1967.10,1,B
09:22:18,1967.30,1,M
09:22:17,1967.60,1,M
09:22:17,1967.60,2,M
09:22:17,1967.20,1,B
09:22:17,1967.60,1,M
09:22:16,1967.60,1,M
09:22:15,1967.60,1,M
09:22:15,1967.60,1,M
09:22:14,1967.60,1,M
09:22:14,1967.30,1,M
09:22:14,1967.20,1,B
09:22:14,1967.20,1,B
09:22:14,1967.20,1,B
09:22:13,1967.70,12,M
09:22:13,1967.70,2,M
09:22:13,1967.60,30,M
09:22:13,1967.60,1,M
09:22:13,1967.50,1,M
09:22:13,1967.50,10,M
09:22:13,1967.50,5,M
09:22:13,1967.40,1,M
09:22:13,1967.40,1,M
09:22:13,1967.40,11,M
09:22:13,1967.30,1,M
09:22:13,1967.30,1,M
09:22:13,1967.20,2,M
09:22:13,1967.20,2,M
09:22:12,1967.20,1,M
09:22:12,1966.70,1,B
09:22:12,1966.70,1,B
09:22:12,1966.70,3,B
09:22:12,1966.70,1,B
09:22:12,1966.90,1,B
09:22:12,1966.90,1,B
09:22:11,1967.20,1,M
09:22:11,1967.00,2,B
09:22:11,1967.40,1,M
09:22:11,1967.50,1,M
09:22:11,1967.30,1,M
09:22:11,1967.30,1,M
09:22:10,1967.30,1,M
09:22:10,1967.20,3,M
09:22:09,1967.00,3,B
09:22:09,1966.90,1,B
09:22:07,1967.30,18,M
09:22:07,1967.20,1,M
09:22:07,1967.20,3,M
09:22:07,1967.20,2,M
09:22:07,1967.20,1,M
09:22:07,1967.20,1,M
09:22:07,1967.10,1,M
09:22:07,1967.10,1,M
09:22:07,1967.00,1,M
09:22:07,1966.90,1,M
09:22:07,1967.00,1,M
09:22:07,1966.90,2,M
09:22:06,1966.60,1,B
09:22:05,1966.60,4,B
09:22:04,1966.60,1,B
09:22:04,1966.90,8,M
09:22:03,1966.90,2,M
09:22:02,1966.90,1,M
09:22:02,1966.60,1,B
09:22:02,1966.60,1,B
09:22:01,1966.90,1,B
09:22:01,1967.00,3,B
09:22:01,1967.00,1,B
09:22:01,1967.00,1,B
09:22:01,1967.00,1,B
09:22:01,1967.00,6,B
09:22:01,1967.00,14,B
09:22:01,1967.30,1,M
09:22:01,1967.00,30,B
09:22:01,1967.20,1,M
09:22:01,1967.00,1,B
09:21:59,1967.30,1,M
09:21:59,1967.00,1,B
09:21:58,1967.00,1,B
09:21:58,1967.00,1,B
09:21:58,1967.00,1,B
09:21:57,1967.20,1,M
09:21:57,1967.20,1,M
09:21:56,1967.20,1,M
09:21:56,1967.10,1,M
09:21:56,1967.00,1,B
09:21:55,1967.00,50,M
09:21:55,1966.60,1,B
09:21:55,1967.00,14,M
09:21:55,1967.00,2,M
09:21:55,1967.00,34,B
09:21:55,1967.10,1,M
09:21:54,1967.00,1,B
09:21:54,1967.00,3,M
09:21:54,1967.00,1,M
09:21:54,1967.00,59,M
09:21:54,1966.90,1,M
09:21:54,1966.90,1,M
09:21:54,1966.60,1,B
09:21:53,1966.90,1,M
09:21:53,1966.90,1,M
09:21:52,1966.90,12,M
09:21:52,1966.80,18,M
09:21:52,1966.60,1,B
09:21:52,1966.90,2,B
09:21:52,1967.00,1,M
09:21:51,1966.90,3,B
09:21:50,1966.60,1,B
09:21:50,1967.00,15,M
09:21:50,1966.90,1,M
09:21:50,1966.90,1,M
09:21:49,1966.90,1,M
09:21:48,1966.60,1,B
09:21:48,1966.60,2,B
09:21:48,1966.80,1,M
09:21:48,1966.80,1,M
09:21:48,1966.60,8,B
09:21:47,1966.70,1,M
09:21:47,1966.70,2,M
09:21:46,1966.70,3,M
09:21:46,1966.60,1,M
09:21:46,1966.60,1,M
09:21:46,1966.60,1,M
09:21:46,1966.60,1,M
09:21:46,1966.60,1,M
09:21:46,1966.50,1,M
09:21:46,1966.50,1,M
09:21:46,1966.50,1,M
09:21:46,1966.00,34,B
09:21:46,1966.10,1,B
09:21:46,1966.10,1,B
09:21:46,1966.10,1,B
09:21:46,1966.10,1,B
09:21:46,1966.10,5,B
09:21:46,1966.20,1,B
09:21:46,1966.20,2,B
09:21:46,1966.20,4,B
09:21:45,1966.20,15,B
09:21:45,1966.50,1,B
09:21:45,1966.60,12,B
09:21:45,1966.60,1,B
09:21:45,1966.60,2,M
09:21:45,1966.60,1,M
09:21:45,1966.40,4,M
09:21:45,1966.40,10,M
09:21:45,1966.20,1,B
09:21:45,1966.20,1,B
09:21:44,1966.00,6,B
09:21:44,1966.10,1,B
09:21:44,1966.10,1,B
09:21:44,1966.10,1,B
09:21:44,1966.10,1,B
09:21:44,1966.10,1,B
09:21:44,1966.20,1,B
09:21:44,1966.20,1,B
09:21:44,1966.40,1,B
09:21:44,1966.40,1,B
09:21:44,1966.40,1,B
09:21:44,1966.50,8,B
09:21:44,1966.50,5,B
09:21:44,1966.50,1,B
09:21:44,1966.70,1,M
09:21:44,1966.70,1,M
09:21:43,1966.50,1,B
09:21:43,1967.00,1,B
09:21:43,1966.90,1,M
09:21:43,1966.50,1,B
09:21:42,1966.90,1,M
09:21:41,1966.50,3,B
09:21:41,1966.50,7,B
09:21:41,1966.90,2,M
09:21:41,1966.70,2,M
09:21:40,1967.10,3,M
09:21:40,1967.10,4,M
09:21:40,1967.00,2,M
09:21:40,1967.00,1,M
09:21:40,1966.50,1,B
09:21:40,1967.00,2,M
09:21:40,1966.50,1,B
09:21:40,1966.50,1,B
09:21:40,1966.50,6,B
09:21:40,1966.60,2,B
09:21:40,1966.50,1,B
09:21:40,1966.70,1,B
09:21:40,1966.70,1,B
09:21:39,1966.80,1,B
09:21:39,1966.90,1,B
09:21:39,1967.00,12,B
09:21:39,1967.10,2,M
09:21:39,1967.00,2,B
09:21:38,1967.00,6,B
09:21:38,1967.00,4,B
09:21:38,1967.10,1,M
09:21:38,1967.10,1,M
09:21:38,1967.10,1,M
09:21:38,1967.00,15,B
09:21:38,1967.00,1,B
09:21:38,1967.00,1,B
09:21:38,1967.00,1,B
09:21:38,1967.00,1,B
09:21:38,1967.00,1,B
09:21:37,1967.00,1,M
09:21:37,1967.00,1,M
09:21:37,1967.00,2,M
09:21:37,1967.00,2,M
09:21:37,1967.00,1,M
09:21:37,1967.00,1,M
09:21:37,1967.00,1,M
09:21:37,1967.00,1,M
09:21:37,1967.00,1,M
09:21:37,1966.90,1,M
09:21:37,1966.90,1,M
09:21:37,1966.90,3,M
09:21:37,1966.80,1,M
09:21:37,1966.80,1,M
09:21:37,1966.80,1,M
09:21:37,1966.80,1,M
09:21:37,1966.70,3,M
09:21:37,1966.60,1,M
09:21:37,1966.50,8,M
09:21:37,1966.50,1,M
09:21:37,1966.50,1,M
09:21:37,1966.50,2,M
09:21:37,1966.30,1,B
09:21:37,1966.50,5,M
09:21:36,1966.30,4,M
09:21:36,1966.10,1,B
09:21:36,1966.10,3,B
09:21:36,1966.10,10,B
09:21:36,1966.30,1,M
09:21:36,1966.10,3,B
09:21:36,1966.30,1,M
09:21:36,1966.30,1,M
09:21:36,1966.30,3,M
09:21:36,1966.30,1,M
09:21:36,1966.10,2,B
09:21:35,1966.10,2,B
09:21:35,1966.10,3,B
09:21:35,1966.10,1,B
09:21:35,1966.10,1,M
09:21:34,1966.00,1,B
09:21:34,1966.00,4,B
09:21:34,1966.10,2,B
09:21:34,1966.10,2,B
09:21:34,1966.10,2,B
09:21:34,1966.10,5,B
09:21:34,1966.10,5,B
09:21:34,1966.10,2,B
09:21:34,1966.00,1,B
09:21:33,1966.00,2,B
09:21:33,1966.00,10,B
09:21:33,1966.00,4,B
09:21:33,1966.30,1,M
09:21:32,1966.00,1,B
09:21:32,1966.00,1,B
09:21:32,1966.00,11,B
09:21:32,1966.10,1,B
09:21:32,1966.40,1,M
09:21:32,1966.00,1,B
09:21:31,1966.30,1,M
09:21:31,1966.00,2,B
09:21:31,1966.00,1,B
09:21:31,1966.00,1,B
09:21:31,1966.00,1,B
09:21:31,1966.00,1,B
09:21:31,1966.00,1,B
09:21:31,1966.10,1,B
09:21:30,1966.10,1,B
09:21:30,1966.30,1,M
09:21:30,1966.00,2,B
09:21:30,1966.00,1,B
09:21:30,1966.00,2,B
09:21:30,1966.00,1,B
09:21:30,1966.00,1,B
09:21:30,1966.00,1,B
09:21:30,1966.00,2,B
09:21:30,1966.00,1,B
09:21:30,1966.00,2,B
09:21:30,1966.00,1,B
09:21:30,1966.00,1,B
09:21:30,1966.00,1,B
09:21:29,1966.00,1,B
09:21:29,1966.00,1,B
09:21:29,1966.00,1,B
09:21:29,1966.00,1,B
09:21:29,1966.00,1,B
09:21:29,1966.00,5,B
09:21:29,1966.10,2,B
09:21:29,1966.30,1,M
09:21:29,1966.10,17,M
09:21:29,1966.10,2,M
09:21:29,1966.10,3,B
09:21:29,1966.10,5,B
09:21:29,1966.20,1,B
09:21:29,1966.20,1,B
09:21:28,1966.20,1,B
09:21:28,1966.10,4,B
09:21:28,1966.10,2,B
09:21:28,1966.10,3,B
09:21:28,1966.10,20,B
09:21:28,1966.10,1,B
09:21:28,1966.10,5,B
09:21:28,1966.10,1,B
09:21:28,1966.10,1,B
09:21:28,1966.10,1,B
09:21:28,1966.10,2,B
09:21:28,1966.10,3,B
09:21:28,1966.10,1,B
09:21:28,1966.10,1,B
09:21:28,1966.20,1,B
09:21:28,1966.20,1,B
09:21:28,1966.20,1,B
09:21:28,1966.20,2,B
09:21:28,1966.30,2,B
09:21:28,1966.30,2,B
09:21:28,1966.40,1,B
09:21:27,1966.30,2,B
09:21:27,1966.40,2,B
09:21:27,1966.30,8,B
09:21:27,1966.30,6,B
09:21:27,1966.40,1,B
09:21:27,1966.40,1,B
09:21:27,1966.40,1,B
09:21:27,1966.40,5,B
09:21:27,1966.90,11,M
09:21:27,1966.90,1,M
09:21:27,1966.80,1,M
09:21:27,1966.80,1,M
09:21:27,1966.80,1,M
09:21:27,1966.70,1,M
09:21:27,1966.60,1,M
09:21:26,1966.30,1,B
09:21:25,1966.30,1,B
09:21:25,1966.30,1,B
09:21:25,1966.30,2,B
09:21:25,1966.40,3,B
09:21:24,1966.40,3,B
09:21:24,1966.30,1,B
09:21:23,1966.40,1,B
09:21:23,1966.40,1,B
09:21:22,1966.60,1,M
09:21:22,1966.60,4,M
09:21:22,1966.60,3,M
09:21:22,1966.20,1,B
09:21:22,1966.20,2,B
09:21:22,1966.20,1,B
09:21:22,1966.30,1,B
09:21:22,1966.30,1,B
09:21:21,1966.40,1,B
09:21:21,1966.50,1,B
09:21:21,1966.50,1,B
09:21:21,1966.50,1,B
09:21:21,1966.50,1,B
09:21:21,1966.50,1,B
09:21:21,1966.50,1,B
09:21:21,1966.50,1,B
09:21:20,1966.60,1,B
09:21:20,1966.60,1,B
09:21:20,1966.60,1,B
09:21:20,1966.60,1,B
09:21:20,1966.60,1,B
09:21:20,1966.70,1,M
09:21:20,1966.70,1,B
09:21:20,1966.70,1,B
09:21:20,1966.70,2,B
09:21:19,1966.70,1,B
09:21:18,1966.70,6,B
09:21:18,1966.70,1,B
09:21:18,1966.70,8,B
09:21:17,1966.90,1,M
09:21:17,1966.70,1,B
09:21:17,1966.70,1,B
09:21:16,1966.70,1,B
09:21:16,1966.80,1,B
09:21:15,1967.00,2,M
09:21:15,1966.80,1,B
09:21:15,1967.00,1,B
09:21:14,1967.00,1,B
09:21:14,1967.00,4,M
09:21:14,1967.00,10,M
09:21:14,1966.90,2,B
09:21:13,1967.00,1,M
09:21:13,1967.00,5,B
09:21:13,1967.00,4,B
09:21:13,1967.00,1,B
09:21:13,1967.00,1,B
09:21:13,1967.00,10,B
09:21:13,1967.00,1,B
09:21:13,1967.00,3,B
09:21:13,1967.20,1,M
09:21:13,1967.00,7,B
09:21:13,1967.00,1,B
09:21:13,1967.10,1,B
09:21:13,1967.10,11,B
09:21:12,1967.20,4,M
09:21:12,1967.10,1,B
09:21:12,1967.10,2,B
09:21:12,1967.20,17,M
09:21:11,1967.20,1,M
09:21:10,1967.20,11,M
09:21:10,1967.20,1,M
09:21:09,1967.10,1,B
09:21:09,1967.10,1,B
09:21:09,1967.20,1,B
09:21:09,1967.50,1,M
09:21:08,1967.50,4,M
09:21:08,1967.40,1,M
09:21:08,1967.10,1,B
09:21:08,1967.10,3,B
09:21:08,1967.20,1,B
09:21:08,1967.20,2,B
09:21:07,1967.20,2,B
09:21:06,1967.20,1,B
09:21:06,1967.20,1,B
09:21:06,1967.60,1,M
09:21:06,1967.60,1,M
09:21:05,1967.10,1,B
09:21:05,1967.20,2,B
09:21:05,1967.20,1,B
09:21:05,1967.30,2,M
09:21:04,1967.30,6,B
09:21:04,1967.30,2,B
09:21:04,1967.40,2,M
09:21:03,1967.40,1,M
09:21:03,1967.40,3,M
09:21:03,1967.30,2,B
09:21:02,1967.50,1,M
09:21:02,1967.30,2,B
09:21:01,1967.40,8,M
09:21:00,1967.50,1,B
09:21:00,1967.70,1,M
09:21:00,1967.70,1,M
09:20:59,1967.50,1,M
09:20:58,1967.50,3,M
09:20:58,1967.50,1,M
09:20:58,1967.50,1,M
09:20:57,1967.50,1,M
09:20:57,1967.50,16,M
09:20:56,1967.30,1,M
09:20:56,1967.20,4,M
09:20:56,1967.20,1,M
09:20:54,1967.30,1,M
09:20:54,1967.00,5,M
09:20:54,1967.00,1,M
09:20:53,1966.90,2,M
09:20:53,1967.00,1,M
09:20:53,1967.00,1,M
09:20:53,1967.00,1,M
09:20:52,1967.00,17,M
09:20:52,1966.90,1,M
09:20:52,1966.90,1,M
09:20:52,1966.90,1,M
09:20:52,1966.90,1,M
09:20:52,1966.90,10,M
09:20:52,1966.90,1,M
09:20:52,1966.90,1,M
09:20:51,1966.90,1,B
09:20:51,1966.90,1,B
09:20:51,1966.90,1,B
09:20:51,1966.90,1,B
09:20:50,1967.00,1,M
09:20:50,1967.00,2,M
09:20:49,1967.00,2,B
09:20:49,1967.30,1,M
09:20:49,1967.30,1,M
09:20:49,1967.30,1,M
09:20:48,1967.30,2,M
09:20:48,1967.30,2,M
09:20:48,1967.00,1,B
09:20:48,1967.00,1,B
09:20:48,1967.00,1,B
09:20:48,1967.00,1,B
09:20:48,1967.10,1,B
09:20:48,1967.30,1,M
09:20:48,1967.30,1,M
09:20:48,1967.30,1,M
09:20:47,1967.30,1,M
09:20:47,1967.30,2,M
09:20:47,1967.30,1,M
09:20:47,1967.20,1,B
09:20:47,1967.20,1,B
09:20:46,1967.50,16,M
09:20:46,1967.50,2,M
09:20:46,1967.50,1,M
09:20:46,1967.20,1,B
09:20:45,1967.50,3,M
09:20:44,1967.50,1,M
09:20:44,1967.50,1,M
09:20:44,1967.40,1,M
09:20:44,1967.30,1,M
09:20:43,1967.30,1,M
09:20:43,1967.20,1,M
09:20:43,1967.10,1,M
09:20:43,1967.10,1,M
09:20:43,1967.10,2,M
09:20:43,1967.10,1,M
09:20:42,1967.10,1,M
09:20:41,1967.10,1,M
09:20:41,1967.10,2,M
09:20:41,1966.70,3,B
09:20:41,1966.70,6,B
09:20:41,1966.90,1,B
09:20:41,1967.10,1,M
09:20:40,1966.70,5,B
09:20:40,1966.70,1,B
09:20:40,1967.10,2,M
09:20:40,1967.10,3,M
09:20:40,1967.00,1,M
09:20:40,1967.00,1,M
09:20:40,1967.00,1,M
09:20:40,1967.00,2,M
09:20:40,1967.00,2,M
09:20:40,1967.00,5,M
09:20:40,1966.90,1,M
09:20:40,1966.90,1,M
09:20:40,1966.90,1,M
09:20:39,1966.90,1,M
09:20:38,1966.60,6,B
09:20:38,1966.70,1,B
09:20:38,1966.70,2,M
09:20:38,1966.90,1,M
09:20:37,1966.70,1,M
09:20:37,1966.70,9,M
09:20:37,1966.70,1,M
09:20:37,1966.70,1,M
09:20:36,1966.70,1,M
09:20:36,1966.60,5,B
09:20:36,1966.50,1,M
09:20:36,1966.50,1,B
09:20:36,1966.50,1,B
09:20:36,1966.50,17,B
09:20:36,1966.50,2,B
09:20:36,1966.70,8,M
09:20:36,1966.70,7,M
09:20:36,1966.60,1,M
09:20:36,1966.60,1,M
09:20:36,1966.50,5,B
09:20:36,1966.60,1,M
09:20:36,1966.60,1,M
09:20:35,1966.70,1,M
09:20:35,1966.70,1,M
09:20:34,1966.70,1,M
09:20:34,1966.70,10,M
09:20:34,1966.70,9,M
09:20:34,1966.50,4,B
09:20:34,1966.70,1,M
09:20:33,1966.50,2,M
09:20:33,1966.30,1,B
09:20:33,1966.60,1,M
09:20:33,1966.30,4,B
09:20:33,1966.50,1,B
09:20:33,1966.60,1,M
09:20:32,1966.60,2,M
09:20:32,1966.50,1,M
09:20:32,1966.50,1,M
09:20:32,1966.30,1,B
09:20:32,1966.30,3,B
09:20:32,1966.50,1,M
09:20:32,1966.30,4,B
09:20:32,1966.50,1,M
09:20:32,1966.50,1,M
09:20:32,1966.20,2,B
09:20:32,1966.30,1,B
09:20:32,1966.50,1,B
09:20:31,1966.60,1,M
09:20:31,1966.60,3,M
09:20:31,1966.50,1,B
09:20:31,1966.40,1,B
09:20:30,1966.50,1,M
09:20:30,1966.50,1,M
09:20:30,1966.50,1,M
09:20:29,1966.20,2,B
09:20:29,1966.20,1,B
09:20:29,1966.20,1,B
09:20:29,1966.20,1,B
09:20:29,1966.20,2,B
09:20:29,1966.20,2,B
09:20:29,1966.20,1,B
09:20:29,1966.30,3,B
09:20:29,1966.30,2,B
09:20:29,1966.50,1,B
09:20:29,1966.50,1,M
09:20:29,1966.50,1,M
09:20:28,1966.40,1,B
09:20:27,1966.30,2,B
09:20:27,1966.30,2,B
09:20:27,1966.30,1,B
09:20:27,1966.40,1,B
09:20:27,1966.80,1,M
09:20:27,1966.40,1,B
09:20:26,1966.80,1,M
09:20:26,1966.30,10,B
09:20:26,1966.30,4,B
09:20:26,1966.40,5,B
09:20:26,1966.40,1,B
09:20:26,1966.40,1,B
09:20:26,1966.50,1,B
09:20:26,1966.50,14,M
09:20:25,1966.50,1,M
09:20:25,1966.40,1,B
09:20:25,1966.50,1,M
09:20:25,1966.60,1,B
09:20:25,1966.60,3,B
09:20:25,1966.30,1,B
09:20:25,1966.50,1,B
09:20:25,1967.20,1,M
09:20:25,1967.00,1,M
09:20:25,1966.30,22,B
09:20:25,1966.30,2,B
09:20:25,1966.30,2,B
09:20:25,1966.40,1,B
09:20:25,1966.40,4,B
09:20:25,1966.40,1,B
09:20:25,1966.40,1,B
09:20:25,1966.50,1,B
09:20:25,1966.50,1,B
09:20:25,1966.50,1,B
09:20:25,1966.70,1,B
09:20:25,1966.70,1,B
09:20:25,1966.90,1,M
09:20:25,1966.50,1,B
09:20:25,1966.50,1,B
09:20:25,1966.50,1,B
09:20:25,1966.50,1,B
09:20:25,1966.50,1,B
09:20:25,1967.00,50,M
09:20:25,1967.00,1,M
09:20:24,1966.50,1,B
09:20:23,1966.50,15,B
09:20:23,1967.00,17,M
09:20:23,1966.50,8,B
09:20:23,1966.50,1,B
09:20:23,1966.50,1,B
09:20:23,1966.50,1,B
09:20:23,1966.60,1,B
09:20:23,1966.60,2,B
09:20:23,1966.60,1,B
09:20:23,1966.60,13,B
09:20:23,1966.80,2,B
09:20:23,1967.00,5,M
09:20:23,1966.60,8,B
09:20:23,1966.80,1,B
09:20:23,1966.80,1,B
09:20:23,1966.80,1,B
09:20:22,1966.80,4,B
09:20:22,1966.90,1,B
09:20:22,1966.90,1,B
09:20:22,1967.00,3,M
09:20:22,1967.00,2,B
09:20:22,1967.00,1,B
09:20:22,1967.00,2,B
09:20:22,1967.00,1,B
09:20:22,1967.00,10,B
09:20:22,1967.00,1,B
09:20:22,1967.00,5,B
09:20:22,1967.10,1,B
09:20:22,1967.30,1,B
09:20:22,1967.00,5,B
09:20:22,1967.00,1,B
09:20:22,1967.00,2,B
09:20:22,1967.10,2,B
09:20:22,1967.10,2,B
09:20:22,1967.10,1,B
09:20:22,1967.40,1,M
09:20:21,1967.10,5,B
09:20:21,1967.10,1,B
09:20:21,1967.10,9,B
09:20:21,1967.10,5,B
09:20:21,1967.10,6,B
09:20:21,1967.30,1,B
09:20:21,1967.40,1,M
09:20:21,1967.30,1,B
09:20:21,1967.30,1,B
09:20:21,1967.30,1,B
09:20:20,1967.10,1,B
09:20:20,1967.20,5,B
09:20:20,1967.20,1,B
09:20:20,1967.20,2,B
09:20:20,1967.50,1,M
09:20:20,1967.20,2,B
09:20:20,1967.30,1,B
09:20:20,1967.30,10,B
09:20:20,1967.30,1,B
09:20:19,1967.50,1,M
09:20:19,1967.30,1,B
09:20:19,1967.30,1,B
09:20:18,1967.20,15,B
09:20:18,1967.50,8,M
09:20:18,1967.50,7,M
09:20:18,1967.40,1,M
09:20:18,1967.40,1,M
09:20:18,1967.40,2,M
09:20:17,1967.10,1,B
09:20:17,1967.20,1,M
09:20:17,1967.10,1,B
09:20:17,1967.10,1,B
09:20:17,1967.10,2,B
09:20:17,1967.10,1,B
09:20:17,1967.10,2,B
09:20:17,1967.10,1,B
09:20:16,1967.00,3,B
09:20:16,1967.00,9,B
09:20:16,1967.10,21,B
09:20:16,1967.20,1,M
09:20:16,1967.10,1,B
09:20:16,1967.10,1,B
09:20:16,1967.10,1,B
09:20:16,1967.10,2,B
09:20:16,1967.10,2,B
09:20:16,1967.10,1,B
09:20:16,1967.10,1,M
09:20:15,1967.00,3,B
09:20:15,1967.00,10,B
09:20:15,1967.00,1,B
09:20:15,1967.10,3,M
09:20:15,1967.00,1,B
09:20:15,1967.00,2,B
09:20:15,1967.00,4,B
09:20:15,1967.00,3,B
09:20:15,1967.00,2,B
09:20:15,1967.10,1,M
09:20:14,1967.00,2,B
09:20:14,1967.10,1,M
09:20:14,1967.10,1,M
09:20:14,1967.00,11,M
09:20:14,1966.80,2,M
09:20:14,1966.60,1,B
09:20:14,1966.70,1,B
09:20:13,1967.00,1,M
09:20:13,1966.60,1,B
09:20:13,1966.60,1,B
09:20:13,1966.60,1,B
09:20:13,1966.70,1,B
09:20:13,1966.70,1,B
09:20:13,1966.80,17,B
09:20:13,1966.80,3,B
09:20:12,1966.80,13,B
09:20:12,1966.80,3,B
09:20:12,1966.80,5,B
09:20:12,1966.80,2,B
09:20:12,1966.90,2,B
09:20:12,1966.90,3,B
09:20:12,1966.90,1,B
09:20:12,1967.00,1,B
09:20:12,1966.90,1,B
09:20:12,1967.00,1,B
09:20:12,1967.00,1,B
09:20:12,1967.00,6,B
09:20:12,1967.50,8,M
09:20:12,1967.40,5,M
09:20:12,1967.00,1,B
09:20:12,1967.00,1,B
09:20:12,1967.00,1,B
09:20:12,1967.00,1,B
09:20:12,1967.00,1,B
09:20:12,1967.00,1,B
09:20:12,1967.00,1,B
09:20:12,1967.00,2,B
09:20:12,1967.00,5,B
09:20:12,1967.00,1,B
09:20:12,1967.00,1,B
09:20:12,1967.00,2,B
09:20:12,1967.00,2,B
09:20:12,1967.40,9,M
09:20:12,1967.30,1,M
09:20:12,1967.00,1,B
09:20:12,1967.00,2,B
09:20:12,1967.00,1,B
09:20:12,1967.00,1,B
09:20:12,1967.00,1,B
09:20:12,1967.00,2,B
09:20:12,1967.00,10,B
09:20:12,1967.00,1,B
09:20:12,1967.10,2,B
09:20:12,1967.10,1,B
09:20:12,1967.10,10,B
09:20:11,1967.10,7,B
09:20:11,1967.50,1,M
09:20:11,1967.10,1,B
09:20:11,1967.50,1,M
09:20:11,1967.10,1,B
09:20:11,1967.10,3,B
09:20:11,1967.30,1,B
09:20:10,1967.50,1,M
09:20:10,1967.10,8,B
09:20:10,1967.10,3,B
09:20:10,1967.10,2,B
09:20:10,1967.10,1,B
09:20:10,1967.10,1,B
09:20:10,1967.20,1,B
09:20:10,1967.20,20,B
09:20:10,1967.20,1,B
09:20:10,1967.20,1,B
09:20:10,1967.20,1,B
09:20:10,1967.30,5,B
09:20:10,1967.40,6,B
09:20:10,1967.50,9,B
09:20:10,1967.50,1,B
09:20:10,1967.50,12,B
09:20:10,1967.50,1,B
09:20:10,1967.50,1,B
09:20:10,1967.50,1,B
09:20:10,1967.50,1,B
09:20:10,1967.50,3,B
09:20:10,1967.60,1,B
09:20:08,1967.50,2,B
09:20:08,1967.50,1,B
09:20:08,1967.50,2,B
09:20:08,1967.60,11,B
09:20:08,1968.00,4,B
09:20:08,1967.60,1,B
09:20:08,1968.00,1,M
09:20:08,1968.00,1,M
09:20:07,1967.60,4,B
09:20:06,1968.00,2,M
09:20:06,1967.90,1,M
09:20:05,1967.60,4,B
09:20:05,1967.60,1,B
09:20:05,1967.60,3,B
09:20:05,1967.70,1,B
09:20:05,1967.70,2,B
09:20:05,1967.70,1,B
09:20:05,1967.80,1,B
09:20:05,1967.80,1,B
09:20:05,1967.80,7,B
09:20:05,1967.90,1,B
09:20:05,1967.90,8,B
09:20:05,1968.00,1,M
09:20:05,1967.90,1,B
