Time,Price,Volume,Side
14:05:48,2057.10,8,B
14:05:47,2057.10,6,B
14:05:47,2057.20,1,B
14:05:47,2057.20,1,B
14:05:47,2057.20,1,B
14:05:46,2057.10,2,B
14:05:46,2057.10,1,B
14:05:46,2057.10,1,B
14:05:46,2057.10,1,B
14:05:46,2057.00,8,B
14:05:46,2057.10,1,B
14:05:46,2057.10,1,B
14:05:46,2057.10,1,B
14:05:46,2057.10,1,B
14:05:46,2057.10,2,B
14:05:46,2057.10,1,B
14:05:46,2057.10,1,B
14:05:46,2057.10,1,B
14:05:46,2057.10,2,B
14:05:46,2057.10,2,B
14:05:46,2057.10,2,B
14:05:46,2057.10,1,B
14:05:46,2057.10,3,B
14:05:46,2057.10,2,B
14:05:46,2057.10,1,B
14:05:46,2057.20,1,B
14:05:46,2057.20,1,B
14:05:46,2057.20,3,B
14:05:46,2057.20,1,B
14:05:45,2057.20,1,B
14:05:45,2057.30,5,B
14:05:45,2057.30,2,B
14:05:45,2057.30,1,B
14:05:45,2057.50,1,M
14:05:45,2057.40,1,M
14:05:44,2057.50,4,M
14:05:43,2057.20,1,B
14:05:43,2057.30,1,B
14:05:43,2057.20,1,B
14:05:43,2057.30,1,B
14:05:43,2057.70,1,M
14:05:42,2057.70,1,M
14:05:42,2057.30,1,B
14:05:42,2057.50,1,B
14:05:42,2057.80,1,M
14:05:42,2057.20,1,B
14:05:42,2057.30,1,B
14:05:42,2057.30,1,B
14:05:42,2057.80,1,M
14:05:42,2057.50,1,M
14:05:42,2057.50,1,M
14:05:41,2057.50,5,M
14:05:41,2057.20,1,B
14:05:41,2057.20,1,B
14:05:40,2057.30,1,B
14:05:39,2057.30,1,B
14:05:39,2057.30,1,B
14:05:39,2057.40,1,B
14:05:39,2057.70,1,M
14:05:38,2057.70,1,M
14:05:38,2057.60,1,M
14:05:38,2057.80,2,M
14:05:38,2057.80,1,M
14:05:38,2057.80,1,M
14:05:38,2057.80,1,M
14:05:38,2057.70,2,M
14:05:38,2057.70,2,M
14:05:38,2057.70,1,M
14:05:37,2057.20,1,B
14:05:37,2057.20,1,B
14:05:37,2057.20,3,B
14:05:37,2057.30,1,B
14:05:37,2057.20,2,B
14:05:37,2057.20,1,B
14:05:37,2057.30,2,B
14:05:37,2057.20,13,B
14:05:37,2057.20,2,B
14:05:37,2057.20,1,B
14:05:37,2057.20,1,B
14:05:37,2057.20,50,B
14:05:37,2057.30,1,B
14:05:37,2057.30,1,B
14:05:37,2057.30,2,B
14:05:37,2057.40,1,B
14:05:37,2057.40,1,B
14:05:37,2057.40,1,B
14:05:37,2057.80,1,M
14:05:36,2057.80,1,M
14:05:36,2057.80,2,M
14:05:36,2057.80,1,M
14:05:35,2057.50,5,B
14:05:35,2057.50,7,B
14:05:35,2057.80,1,M
14:05:35,2057.80,1,M
14:05:35,2057.70,1,M
14:05:35,2057.50,3,B
14:05:35,2057.50,1,B
14:05:35,2057.50,2,B
14:05:35,2057.50,2,B
14:05:35,2057.50,1,B
14:05:35,2057.50,2,B
14:05:35,2057.50,1,B
14:05:35,2057.50,4,B
14:05:34,2057.50,1,B
14:05:33,2057.50,2,B
14:05:33,2057.60,1,B
14:05:32,2057.80,13,B
14:05:32,2057.80,1,B
14:05:32,2057.80,1,B
14:05:32,2057.80,2,B
14:05:32,2057.80,2,B
14:05:31,2057.80,1,B
14:05:31,2057.80,1,B
14:05:31,2057.80,1,B
14:05:31,2057.80,3,B
14:05:30,2057.80,1,B
14:05:30,2058.00,1,M
14:05:30,2057.70,1,B
14:05:30,2058.00,1,M
14:05:30,2057.50,49,B
14:05:30,2057.60,1,B
14:05:30,2057.60,1,B
14:05:30,2057.60,3,B
14:05:30,2057.60,2,B
14:05:30,2057.70,2,B
14:05:30,2057.70,1,B
14:05:30,2057.70,1,B
14:05:30,2057.70,2,B
14:05:30,2057.70,20,B
14:05:30,2057.70,10,B
14:05:30,2057.70,1,B
14:05:30,2057.80,1,B
14:05:30,2057.80,1,B
14:05:30,2057.80,1,B
14:05:30,2057.80,5,B
14:05:29,2057.80,2,B
14:05:29,2057.80,5,B
14:05:29,2058.20,2,M
14:05:29,2058.20,1,M
14:05:29,2058.10,1,M
14:05:29,2058.00,1,M
14:05:28,2058.00,2,M
14:05:28,2058.00,1,M
14:05:27,2057.80,2,B
14:05:26,2057.80,1,B
14:05:26,2057.80,1,B
14:05:25,2058.20,1,M
14:05:25,2057.80,1,B
14:05:25,2057.80,1,B
14:05:25,2057.90,1,B
14:05:25,2057.90,1,B
14:05:24,2058.00,1,B
14:05:24,2058.00,1,B
14:05:24,2058.00,4,B
14:05:24,2058.00,1,B
14:05:23,2058.00,4,B
14:05:23,2058.00,3,B
14:05:23,2058.10,1,B
14:05:23,2058.10,1,B
14:05:23,2058.20,5,B
14:05:23,2058.20,50,B
14:05:23,2058.30,1,B
14:05:23,2058.30,1,B
14:05:23,2058.30,15,B
14:05:22,2058.30,4,B
14:05:21,2058.30,19,B
14:05:21,2058.30,2,B
14:05:21,2058.50,1,M
14:05:20,2058.30,1,B
14:05:20,2058.50,1,B
14:05:17,2058.50,2,M
14:05:17,2058.50,1,M
14:05:17,2058.50,1,M
14:05:17,2058.50,14,M
14:05:17,2058.30,5,B
14:05:17,2058.50,1,M
14:05:17,2058.30,2,B
14:05:17,2058.50,5,M
14:05:16,2058.40,3,M
14:05:16,2058.40,2,M
14:05:16,2058.30,1,B
14:05:14,2058.30,1,B
14:05:14,2058.00,2,B
14:05:14,2058.00,1,B
14:05:14,2058.00,1,B
14:05:14,2058.00,2,B
14:05:14,2058.00,5,B
14:05:14,2058.00,1,B
14:05:14,2058.00,1,B
14:05:14,2058.00,1,B
14:05:14,2058.00,1,B
14:05:14,2058.00,1,B
14:05:14,2058.00,1,B
14:05:14,2058.00,2,B
14:05:14,2058.00,1,B
14:05:14,2058.00,1,B
14:05:14,2058.00,3,B
14:05:14,2058.00,1,B
14:05:14,2058.00,2,B
14:05:14,2058.00,2,B
14:05:14,2058.00,3,B
14:05:14,2058.10,4,B
14:05:14,2058.10,1,B
14:05:14,2058.10,1,B
14:05:14,2058.10,1,B
14:05:14,2058.10,1,B
14:05:13,2058.10,2,B
14:05:13,2058.10,1,B
14:05:13,2058.50,4,M
14:05:13,2058.40,1,M
14:05:13,2058.10,1,B
14:05:13,2058.10,1,B
14:05:13,2058.10,1,B
14:05:13,2058.10,1,B
14:05:13,2058.20,1,B
14:05:13,2058.20,1,B
14:05:13,2058.20,2,B
14:05:13,2058.20,1,B
14:05:13,2058.20,1,B
14:05:13,2058.20,1,B
14:05:13,2058.20,1,B
14:05:12,2058.20,1,B
14:05:12,2058.30,1,M
14:05:11,2058.20,2,B
14:05:08,2058.50,1,M
14:05:08,2058.50,1,M
14:05:08,2058.30,5,B
14:05:07,2058.30,1,B
14:05:06,2058.50,1,M
14:05:06,2058.50,1,B
14:05:06,2058.50,3,B
14:05:06,2058.50,1,B
14:05:06,2058.50,1,B
14:05:06,2058.50,12,B
14:05:06,2058.50,2,B
14:05:06,2058.60,1,B
14:05:05,2058.50,30,B
14:05:05,2058.50,1,B
14:05:04,2058.50,1,B
14:05:04,2058.50,1,B
14:05:02,2058.50,2,B
14:05:01,2058.70,2,M
14:05:01,2058.60,3,M
14:05:01,2058.60,1,M
14:05:01,2058.50,1,B
14:05:00,2058.50,1,B
14:04:59,2058.70,1,M
14:04:56,2058.70,5,M
14:04:56,2058.50,1,B
14:04:55,2058.60,1,B
14:04:55,2058.70,1,M
14:04:55,2058.70,3,M
14:04:54,2058.70,1,M
14:04:53,2058.40,1,M
14:04:52,2058.40,1,M
14:04:52,2058.40,1,M
14:04:51,2058.40,1,M
14:04:50,2058.40,1,M
14:04:50,2058.40,1,B
14:04:48,2058.40,1,B
14:04:48,2058.50,1,B
14:04:47,2058.80,1,M
14:04:47,2058.80,1,M
14:04:47,2058.80,3,M
14:04:47,2058.70,5,M
14:04:47,2058.60,1,M
14:04:46,2058.70,3,B
14:04:45,2058.70,1,B
14:04:45,2058.70,2,B
14:04:45,2058.80,2,M
14:04:44,2058.70,6,M
14:04:44,2058.70,5,M
14:04:43,2058.60,10,B
14:04:42,2058.70,1,M
14:04:42,2058.60,1,B
14:04:42,2058.70,4,M
14:04:42,2058.70,1,M
14:04:42,2058.60,1,M
14:04:42,2058.60,1,M
14:04:42,2058.60,4,M
14:04:41,2058.40,1,B
14:04:41,2058.60,2,M
14:04:40,2058.50,1,M
14:04:40,2058.50,1,M
14:04:39,2058.50,2,M
14:04:39,2058.50,1,M
14:04:39,2058.50,1,M
14:04:39,2058.40,1,M
14:04:39,2058.10,1,B
14:04:39,2058.30,1,M
14:04:38,2058.10,1,B
14:04:38,2058.10,1,B
14:04:38,2058.20,1,B
14:04:38,2058.30,2,M
14:04:38,2058.30,1,M
14:04:36,2058.30,3,M
14:04:33,2058.10,1,B
14:04:33,2058.30,1,M
14:04:32,2058.10,1,B
14:04:27,2058.00,2,B
14:04:27,2058.00,2,B
14:04:27,2058.00,1,B
14:04:27,2058.00,1,B
14:04:27,2058.10,1,B
14:04:27,2058.10,2,B
14:04:27,2058.10,2,B
14:04:27,2058.10,4,B
14:04:27,2058.10,3,B
14:04:27,2058.10,1,B
14:04:27,2058.10,1,B
14:04:27,2058.10,3,B
14:04:27,2058.20,1,B
14:04:27,2058.30,6,B
14:04:26,2058.50,1,M
14:04:26,2058.50,1,M
14:04:26,2058.50,1,M
14:04:26,2058.40,11,M
14:04:26,2058.40,5,M
14:04:25,2058.20,10,M
14:04:24,2058.40,2,M
14:04:23,2058.10,1,B
14:04:23,2058.20,1,B
14:04:23,2058.20,1,B
14:04:23,2058.40,1,M
14:04:23,2058.40,1,M
14:04:22,2058.40,1,M
14:04:20,2058.20,1,M
14:04:19,2058.10,1,B
14:04:19,2058.20,1,B
14:04:18,2058.30,2,M
14:04:18,2058.10,1,B
14:04:18,2058.40,1,M
14:04:18,2058.20,1,M
14:04:18,2058.20,1,M
14:04:18,2058.10,1,B
14:04:17,2058.20,4,M
14:04:16,2058.20,3,M
14:04:16,2058.10,1,B
14:04:15,2058.20,2,M
14:04:15,2058.20,1,M
14:04:14,2058.10,1,B
14:04:14,2058.10,3,B
14:04:14,2058.20,1,M
14:04:14,2058.20,1,M
14:04:14,2058.10,2,B
14:04:14,2058.10,1,B
14:04:14,2058.20,1,M
14:04:13,2058.10,3,M
14:04:13,2058.10,1,M
14:04:12,2058.00,1,M
14:04:12,2058.00,1,M
14:04:12,2057.80,4,B
14:04:12,2057.80,1,M
14:04:12,2057.70,1,B
14:04:11,2057.70,1,B
14:04:11,2057.80,1,M
14:04:11,2057.70,1,B
14:04:10,2058.10,4,M
14:04:10,2058.00,1,M
14:04:09,2057.70,18,B
14:04:09,2057.90,1,B
14:04:09,2057.90,1,B
14:04:09,2057.50,3,B
14:04:09,2057.80,1,B
14:04:09,2058.00,1,M
14:04:09,2058.00,2,M
14:04:09,2058.00,1,M
14:04:09,2057.90,1,M
14:04:09,2057.80,1,B
14:04:09,2057.80,5,B
14:04:09,2057.80,1,B
14:04:08,2057.80,16,B
14:04:08,2057.50,1,B
14:04:08,2057.50,2,B
14:04:08,2057.50,1,B
14:04:08,2057.50,1,B
14:04:08,2057.60,3,B
14:04:08,2058.00,1,M
14:04:08,2057.60,1,B
14:04:08,2057.60,1,B
14:04:08,2057.60,1,B
14:04:07,2057.60,1,B
14:04:07,2057.60,10,B
14:04:07,2057.60,13,B
14:04:07,2057.70,5,B
14:04:07,2057.70,4,B
14:04:07,2057.70,1,B
14:04:07,2057.70,1,B
14:04:07,2057.90,1,B
14:04:07,2057.80,1,B
14:04:07,2057.90,1,B
14:04:07,2058.30,1,M
14:04:07,2057.90,1,B
14:04:07,2057.90,1,B
14:04:07,2057.90,1,B
14:04:07,2058.00,1,B
14:04:07,2057.80,3,B
14:04:07,2058.00,1,B
14:04:07,2058.00,1,B
14:04:07,2058.00,2,B
14:04:07,2058.00,1,B
14:04:07,2058.00,1,B
14:04:07,2058.00,1,B
14:04:07,2058.00,2,B
14:04:07,2058.00,1,B
14:04:07,2058.00,4,B
14:04:07,2058.10,1,B
14:04:07,2058.30,12,B
14:04:06,2058.30,3,B
14:04:06,2058.30,1,B
14:04:06,2058.30,1,M
14:04:06,2058.30,1,M
14:04:06,2058.20,2,M
14:04:06,2058.10,1,M
14:04:06,2058.00,1,B
14:04:06,2058.00,1,B
14:04:06,2058.00,1,B
14:04:06,2058.00,1,B
14:04:06,2058.00,1,B
14:04:06,2058.00,1,B
14:04:06,2058.00,1,B
14:04:06,2058.10,1,B
14:04:06,2058.10,6,B
14:04:06,2058.10,5,B
14:04:05,2058.10,1,B
14:04:05,2058.10,1,B
14:04:05,2058.10,1,B
14:04:05,2058.20,1,M
14:04:05,2058.30,2,M
14:04:05,2058.50,2,M
14:04:05,2058.50,1,M
14:04:04,2058.10,2,B
14:04:04,2058.10,2,B
14:04:04,2058.10,3,B
14:04:04,2058.10,1,B
14:04:04,2058.20,1,B
14:04:04,2058.20,2,B
14:04:04,2058.30,1,B
14:04:04,2058.30,1,B
14:04:04,2058.30,1,B
14:04:04,2058.30,1,B
14:04:04,2058.30,6,B
14:04:04,2058.30,1,B
14:04:04,2058.50,1,M
14:04:04,2058.50,4,M
14:04:04,2058.40,1,M
14:04:04,2058.30,1,B
14:04:04,2058.30,1,B
14:04:04,2058.50,1,M
14:04:04,2058.40,2,B
14:04:04,2058.50,2,B
14:04:04,2058.50,5,B
14:04:04,2058.50,12,B
14:04:04,2058.50,1,B
14:04:04,2058.50,7,B
14:04:04,2058.70,8,M
14:04:04,2058.60,1,B
14:04:04,2058.60,2,B
14:04:03,2058.70,2,M
14:04:03,2058.60,1,B
14:04:03,2058.60,1,B
14:04:03,2058.60,1,B
14:04:03,2058.70,1,B
14:04:03,2058.70,10,B
14:04:03,2058.80,1,B
14:04:02,2058.90,1,M
14:04:01,2058.90,1,M
14:04:01,2058.90,3,M
14:04:00,2058.70,1,B
14:04:00,2058.70,1,B
14:04:00,2058.80,1,B
14:04:00,2058.80,1,B
14:04:00,2058.80,1,B
14:04:00,2058.80,1,B
14:04:00,2059.00,3,B
14:04:00,2059.00,1,B
14:04:00,2059.00,2,B
14:04:00,2059.00,2,B
14:04:00,2059.00,1,B
14:04:00,2059.00,5,B
14:04:00,2059.00,2,B
14:04:00,2059.00,2,B
14:04:00,2059.00,4,B
14:04:00,2059.00,5,B
14:04:00,2059.00,4,B
14:04:00,2059.00,1,B
14:04:00,2059.10,1,B
14:04:00,2059.10,10,B
14:04:00,2059.10,1,B
14:04:00,2059.20,1,B
14:04:00,2059.20,1,B
14:04:00,2059.20,2,B
14:03:59,2059.30,4,B
14:03:56,2059.60,1,M
14:03:55,2059.70,1,M
14:03:55,2059.10,19,B
14:03:55,2059.10,1,B
14:03:55,2059.10,2,B
14:03:55,2059.20,1,B
14:03:55,2059.20,1,B
14:03:55,2059.20,2,B
14:03:55,2059.20,1,B
14:03:55,2059.20,2,B
14:03:55,2059.20,1,B
14:03:55,2059.30,1,B
14:03:55,2059.30,2,B
14:03:55,2059.30,1,B
14:03:55,2059.40,1,B
14:03:55,2059.40,1,B
14:03:55,2059.50,1,B
14:03:55,2059.50,1,B
14:03:55,2059.50,1,B
14:03:55,2059.50,1,B
14:03:55,2059.60,3,B
14:03:55,2059.60,5,B
14:03:55,2059.60,2,B
14:03:55,2059.60,3,B
14:03:55,2059.70,1,B
14:03:53,2059.80,5,M
14:03:47,2059.50,1,B
14:03:47,2059.50,1,B
14:03:47,2059.50,4,B
14:03:47,2059.80,5,M
14:03:47,2059.80,1,M
14:03:47,2059.80,4,M
14:03:45,2059.80,1,M
14:03:45,2059.50,1,B
14:03:44,2059.80,1,M
14:03:43,2059.80,4,M
14:03:43,2059.80,1,M
14:03:43,2059.70,2,B
14:03:42,2059.70,1,M
14:03:42,2059.70,3,M
14:03:42,2059.70,1,M
14:03:42,2059.70,1,M
14:03:41,2059.50,1,B
14:03:41,2059.50,1,B
14:03:41,2059.50,1,B
14:03:41,2059.50,1,B
14:03:41,2059.50,2,B
14:03:40,2059.50,3,B
14:03:39,2059.30,6,B
14:03:39,2059.30,1,B
14:03:39,2059.30,1,B
14:03:39,2059.30,1,B
14:03:38,2059.30,1,B
14:03:38,2059.30,2,B
14:03:36,2059.30,1,B
14:03:36,2059.30,2,B
14:03:36,2059.30,1,B
14:03:36,2059.50,1,B
14:03:36,2059.50,2,B
14:03:36,2059.50,1,B
14:03:36,2059.60,1,B
14:03:36,2059.60,3,B
14:03:36,2059.60,8,B
14:03:36,2059.80,4,M
14:03:36,2059.80,1,M
14:03:35,2059.60,2,B
14:03:35,2059.70,1,B
14:03:35,2059.70,1,B
14:03:35,2059.80,1,B
14:03:35,2059.80,1,B
14:03:35,2059.80,1,B
14:03:35,2059.80,27,B
14:03:35,2059.80,1,B
14:03:35,2059.90,3,M
14:03:34,2059.90,3,M
14:03:33,2059.80,16,B
14:03:33,2059.90,1,B
14:03:33,2059.90,1,M
14:03:32,2059.80,2,B
14:03:30,2059.90,1,M
14:03:27,2059.90,1,M
14:03:27,2059.80,1,B
14:03:26,2059.80,2,B
14:03:24,2059.90,1,M
14:03:21,2059.90,1,B
14:03:20,2060.00,1,M
14:03:20,2060.00,1,B
14:03:20,2060.00,3,B
14:03:20,2060.00,1,B
14:03:18,2060.10,1,B
14:03:18,2060.20,1,B
14:03:17,2060.30,2,M
14:03:16,2060.20,1,B
14:03:15,2060.20,1,B
14:03:14,2060.20,2,B
14:03:14,2060.20,1,M
14:03:14,2060.20,1,M
14:03:14,2060.20,2,M
14:03:14,2060.20,2,M
14:03:14,2060.20,2,M
14:03:14,2060.20,1,M
14:03:14,2060.20,1,M
14:03:14,2060.20,1,M
14:03:14,2060.20,1,M
14:03:14,2060.20,1,M
14:03:13,2060.20,1,M
14:03:13,2060.00,1,B
14:03:11,2060.20,1,M
14:03:10,2060.10,1,M
14:03:10,2060.10,1,M
14:03:10,2060.00,1,M
14:03:09,2060.00,1,M
14:03:09,2060.00,2,M
14:03:09,2060.00,1,M
14:03:09,2060.00,1,M
14:03:09,2060.00,26,M
14:03:09,2059.90,1,M
14:03:09,2059.90,1,M
14:03:04,2059.80,1,B
14:03:02,2060.00,1,M
14:03:01,2060.00,3,M
14:03:01,2059.80,1,B
14:03:01,2060.00,1,M
14:02:58,2060.00,2,B
14:02:58,2060.00,1,B
14:02:58,2060.00,1,B
14:02:57,2060.30,1,M
14:02:56,2060.20,1,B
14:02:56,2060.30,3,M
14:02:56,2060.20,10,B
14:02:56,2060.20,1,B
14:02:55,2060.30,1,M
14:02:55,2060.20,8,M
14:02:53,2060.20,1,B
14:02:53,2060.30,1,B
14:02:53,2060.50,2,M
14:02:53,2060.40,3,M
14:02:52,2060.40,1,M
14:02:52,2060.30,1,B
14:02:51,2060.20,1,B
14:02:51,2060.30,1,B
14:02:51,2060.30,1,B
14:02:51,2060.50,7,M
14:02:51,2060.50,1,M
14:02:50,2060.30,1,B
14:02:49,2060.30,1,B
14:02:49,2060.40,1,B
14:02:48,2060.50,1,M
14:02:48,2060.50,1,M
14:02:47,2060.50,1,M
14:02:47,2060.40,1,M
14:02:46,2060.30,1,M
14:02:45,2060.30,1,M
14:02:45,2060.30,2,M
14:02:44,2060.20,1,B
14:02:43,2060.20,1,B
14:02:42,2060.30,5,M
14:02:42,2060.30,1,M
14:02:42,2060.20,15,B
14:02:42,2060.40,10,M
14:02:42,2060.40,12,M
14:02:42,2060.40,3,M
14:02:42,2060.30,5,M
14:02:42,2060.10,1,M
14:02:42,2060.10,9,M
14:02:42,2060.00,1,M
14:02:42,2060.00,1,M
14:02:42,2060.00,1,M
14:02:42,2060.00,2,M
14:02:42,2060.00,3,M
14:02:42,2060.00,2,M
14:02:42,2060.00,5,M
14:02:42,2060.00,1,M
14:02:42,2060.00,2,M
14:02:42,2060.00,1,M
14:02:42,2060.00,1,M
14:02:42,2060.00,35,M
14:02:42,2060.00,2,M
14:02:41,2059.50,1,B
14:02:41,2059.60,1,B
14:02:41,2059.70,1,B
14:02:41,2059.70,3,B
14:02:41,2060.00,6,M
14:02:41,2059.80,1,M
14:02:41,2059.70,1,B
14:02:40,2059.70,3,B
14:02:40,2059.80,1,B
14:02:40,2059.80,1,B
14:02:39,2060.00,2,M
14:02:39,2059.90,2,M
14:02:39,2059.90,2,M
14:02:39,2059.90,1,M
14:02:39,2059.90,17,M
14:02:39,2059.80,2,M
14:02:39,2059.80,1,M
14:02:38,2059.80,1,M
14:02:38,2059.80,2,M
14:02:37,2059.80,2,M
14:02:37,2059.80,1,M
14:02:36,2059.80,1,B
14:02:36,2059.90,2,M
14:02:36,2059.90,10,M
14:02:36,2059.90,1,M
14:02:35,2059.90,2,M
14:02:35,2059.80,9,M
14:02:35,2059.80,1,M
14:02:34,2059.70,1,B
14:02:33,2059.90,1,M
14:02:33,2059.90,17,M
14:02:33,2059.80,1,M
14:02:33,2059.80,1,M
14:02:33,2059.80,1,M
14:02:33,2059.70,1,M
14:02:32,2059.60,2,M
14:02:32,2059.60,4,M
14:02:32,2059.60,1,M
14:02:32,2059.60,1,M
14:02:32,2059.60,1,M
14:02:32,2059.60,1,M
14:02:32,2059.50,1,M
14:02:31,2059.50,1,M
14:02:31,2059.50,1,M
14:02:31,2059.40,4,B
14:02:30,2059.50,1,M
14:02:29,2059.30,1,B
14:02:29,2059.50,1,M
14:02:29,2059.50,5,M
14:02:27,2059.20,1,B
14:02:27,2059.50,1,M
14:02:26,2059.50,1,M
14:02:26,2059.20,1,B
14:02:26,2059.30,1,B
14:02:25,2059.50,5,M
14:02:25,2059.50,1,M
14:02:24,2059.50,1,M
14:02:24,2059.50,1,M
14:02:24,2059.50,1,M
14:02:23,2059.50,9,M
14:02:23,2059.50,1,M
14:02:22,2059.50,1,M
14:02:22,2059.50,1,M
14:02:22,2059.50,1,M
14:02:22,2059.50,1,M
14:02:22,2059.50,4,M
14:02:22,2059.50,6,M
14:02:21,2059.50,8,M
14:02:20,2059.50,2,M
14:02:20,2059.50,4,M
14:02:20,2059.50,5,M
14:02:20,2059.40,1,M
14:02:19,2059.40,1,M
14:02:19,2059.20,1,B
14:02:19,2059.20,2,M
14:02:18,2059.10,1,B
14:02:17,2059.20,1,M
14:02:17,2059.20,4,M
14:02:16,2059.10,1,B
14:02:16,2059.10,1,B
14:02:15,2059.40,4,M
14:02:15,2059.30,1,M
14:02:14,2059.00,1,B
14:02:14,2059.00,1,B
14:02:13,2059.00,1,B
14:02:13,2059.00,1,B
14:02:13,2059.30,1,B
14:02:13,2059.30,1,M
14:02:13,2059.30,1,M
14:02:11,2059.30,1,M
14:02:11,2059.20,1,M
14:02:11,2059.00,1,B
14:02:11,2059.00,12,B
14:02:10,2059.00,1,B
14:02:10,2059.30,1,M
14:02:10,2059.30,4,M
14:02:10,2059.30,1,M
14:02:10,2059.30,1,M
14:02:09,2059.00,5,B
14:02:09,2059.00,1,B
14:02:09,2059.30,2,M
14:02:08,2059.30,1,M
14:02:08,2059.00,3,B
14:02:08,2059.30,1,M
14:02:07,2059.30,2,M
14:02:07,2059.00,1,B
14:02:07,2059.30,1,M
14:02:07,2059.30,1,M
14:02:06,2058.80,1,M
14:02:05,2058.80,1,B
14:02:05,2058.80,1,B
14:02:05,2059.20,9,B
14:02:05,2059.30,2,M
14:02:05,2059.30,2,M
14:02:04,2059.20,1,B
14:02:04,2058.80,1,B
14:02:04,2059.20,11,B
14:02:04,2059.20,1,M
14:02:04,2059.20,2,M
14:02:04,2058.80,1,B
14:02:03,2058.80,1,B
14:02:03,2059.30,2,M
14:02:03,2058.70,1,B
14:02:03,2058.80,1,B
14:02:03,2059.00,1,B
14:02:03,2059.40,1,B
14:02:03,2059.30,1,M
14:02:03,2059.00,1,B
14:02:03,2059.00,1,B
14:02:03,2059.00,2,B
14:02:03,2059.00,17,B
14:02:03,2059.00,1,B
14:02:03,2059.00,3,B
14:02:03,2059.10,2,B
14:02:03,2059.10,1,B
14:02:03,2059.10,7,B
14:02:03,2059.10,6,B
14:02:03,2059.10,1,B
14:02:03,2059.20,1,B
14:02:03,2059.20,1,B
14:02:03,2059.20,20,B
14:02:03,2059.20,1,B
14:02:03,2059.20,1,B
14:02:03,2059.20,11,B
14:02:03,2059.30,2,B
14:02:03,2059.50,4,M
14:02:01,2059.30,1,B
14:02:00,2059.40,1,M
14:02:00,2059.30,1,M
14:02:00,2059.40,8,M
14:01:59,2059.40,2,M
14:01:59,2059.40,1,M
14:01:59,2059.40,1,M
14:01:59,2059.30,1,M
14:01:58,2059.30,1,M
14:01:58,2059.30,1,M
14:01:58,2059.30,1,M
14:01:58,2059.20,1,B
14:01:58,2059.30,1,M
14:01:58,2059.20,2,B
14:01:57,2059.20,6,B
14:01:57,2059.30,1,M
14:01:57,2059.20,2,B
14:01:55,2059.30,5,M
14:01:54,2059.50,1,B
14:01:54,2059.70,1,M
14:01:54,2059.50,1,M
14:01:54,2059.50,1,M
14:01:51,2059.20,4,B
14:01:51,2059.50,1,B
14:01:51,2059.70,1,M
14:01:51,2059.60,1,M
14:01:51,2059.50,5,M
14:01:51,2059.20,1,B
14:01:51,2059.20,5,B
14:01:51,2059.30,2,B
14:01:51,2059.30,1,B
14:01:51,2059.30,1,B
14:01:51,2059.40,1,B
14:01:51,2059.50,1,M
14:01:50,2059.40,1,M
14:01:50,2059.50,1,B
14:01:50,2059.50,1,B
14:01:50,2059.70,1,M
14:01:50,2059.60,1,M
14:01:50,2059.50,3,B
14:01:49,2059.50,1,B
14:01:48,2059.30,1,B
14:01:48,2059.30,1,B
14:01:48,2059.50,5,B
14:01:48,2059.80,3,M
14:01:46,2059.30,1,B
14:01:46,2059.40,1,B
14:01:46,2059.40,3,B
14:01:46,2059.40,1,B
14:01:46,2059.50,1,B
14:01:46,2059.50,1,B
14:01:46,2059.50,1,B
14:01:46,2059.80,1,M
14:01:44,2059.80,1,M
14:01:43,2059.80,5,M
14:01:43,2059.80,3,M
14:01:42,2059.80,1,B
14:01:40,2059.80,1,B
14:01:39,2059.80,1,B
14:01:39,2060.00,5,M
14:01:39,2060.00,4,M
14:01:39,2060.00,3,M
14:01:39,2059.90,3,M
14:01:39,2059.90,3,M
14:01:39,2059.80,1,M
14:01:39,2059.80,1,M
14:01:39,2059.80,1,M
14:01:38,2059.70,2,B
14:01:38,2059.90,9,M
14:01:38,2059.90,1,M
14:01:38,2059.70,2,B
14:01:38,2059.50,3,B
14:01:37,2059.90,1,M
14:01:37,2059.80,1,M
14:01:36,2059.50,2,B
14:01:36,2059.50,3,B
14:01:36,2059.50,1,B
14:01:35,2059.30,5,B
14:01:35,2059.30,4,B
14:01:35,2059.40,3,B
14:01:35,2059.40,2,B
14:01:35,2059.50,2,B
14:01:35,2059.70,1,B
14:01:35,2059.70,1,B
14:01:35,2059.40,1,B
14:01:35,2059.40,3,B
14:01:35,2060.00,1,B
14:01:35,2060.00,1,B
14:01:35,2060.00,4,B
14:01:35,2060.00,1,B
14:01:35,2060.00,2,B
14:01:34,2060.00,1,M
14:01:34,2060.00,2,M
14:01:34,2060.00,2,M
14:01:34,2059.90,1,M
14:01:34,2059.40,2,B
14:01:34,2059.40,3,B
14:01:34,2059.50,2,B
14:01:34,2059.40,1,B
14:01:34,2060.10,1,M
14:01:34,2059.30,2,B
14:01:34,2059.30,1,B
14:01:34,2059.40,3,B
14:01:34,2059.40,12,B
14:01:34,2059.50,1,B
14:01:34,2059.50,1,B
14:01:34,2059.60,10,B
14:01:34,2060.00,1,B
14:01:33,2060.00,1,B
14:01:33,2060.00,24,M
14:01:33,2060.00,1,M
14:01:33,2059.60,1,B
14:01:33,2059.70,1,B
14:01:33,2059.80,1,B
14:01:33,2059.90,1,B
14:01:33,2059.90,1,B
14:01:33,2059.90,1,B
14:01:33,2060.00,1,M
14:01:33,2060.00,1,B
14:01:33,2060.00,3,B
14:01:33,2060.00,2,B
14:01:33,2060.00,7,B
14:01:33,2060.00,3,B
14:01:33,2060.00,5,B
14:01:33,2060.00,1,B
14:01:33,2060.00,1,B
14:01:33,2060.20,1,B
14:01:32,2060.50,1,M
14:01:32,2060.50,1,M
14:01:32,2060.30,15,B
14:01:32,2060.60,2,B
14:01:32,2060.60,1,B
14:01:32,2060.80,1,M
14:01:31,2060.60,1,M
14:01:31,2060.60,3,M
14:01:31,2060.50,1,M
14:01:31,2060.50,1,M
14:01:31,2060.20,1,B
14:01:30,2060.30,1,B
14:01:29,2060.30,1,B
14:01:29,2060.60,1,M
14:01:29,2060.70,1,M
14:01:29,2060.50,1,M
14:01:29,2060.30,4,B
14:01:29,2060.50,1,B
14:01:29,2060.70,1,M
14:01:29,2060.60,1,M
14:01:28,2060.30,1,B
14:01:28,2060.30,1,B
14:01:28,2060.30,1,B
14:01:28,2060.50,1,B
14:01:28,2060.50,14,B
14:01:28,2060.50,1,B
14:01:27,2060.50,5,B
14:01:26,2060.80,1,M
14:01:26,2060.50,1,B
14:01:26,2060.50,2,B
14:01:26,2060.50,2,B
14:01:25,2060.80,1,M
14:01:25,2060.80,1,M
14:01:25,2060.80,1,M
14:01:25,2060.50,1,B
14:01:25,2060.60,1,B
14:01:25,2060.50,4,B
14:01:25,2060.50,1,B
14:01:24,2060.50,2,B
14:01:24,2060.50,3,B
14:01:24,2060.50,5,B
14:01:24,2060.60,1,B
14:01:24,2060.50,2,B
14:01:24,2060.60,1,B
14:01:24,2060.60,1,B
14:01:24,2060.70,2,B
14:01:24,2060.80,1,B
14:01:24,2061.00,43,B
14:01:24,2061.00,2,B
14:01:24,2061.10,1,M
14:01:23,2061.00,1,B
14:01:23,2061.00,3,B
14:01:23,2061.00,1,B
14:01:23,2061.00,5,B
14:01:23,2061.00,1,B
14:01:23,2061.00,1,B
14:01:23,2061.00,2,B
14:01:23,2061.00,2,M
14:01:23,2061.00,1,M
14:01:22,2060.70,2,B
14:01:22,2060.50,2,B
14:01:22,2060.60,1,B
14:01:22,2060.60,6,B
14:01:22,2060.60,2,B
14:01:22,2060.60,1,B
14:01:22,2060.80,1,B
14:01:22,2061.00,5,B
14:01:22,2060.70,20,B
14:01:22,2060.80,5,B
14:01:22,2061.00,2,B
14:01:21,2061.00,1,B
14:01:21,2061.00,2,B
14:01:21,2061.10,1,M
14:01:21,2061.10,1,M
14:01:21,2061.00,2,B
14:01:21,2061.00,1,B
14:01:20,2061.00,1,B
14:01:20,2061.00,2,B
14:01:19,2061.00,1,B
14:01:19,2061.00,1,M
14:01:19,2061.00,1,M
14:01:19,2061.00,5,M
14:01:19,2060.90,3,M
14:01:19,2060.90,2,M
14:01:19,2060.70,1,B
14:01:19,2060.90,1,M
14:01:19,2060.80,1,B
14:01:19,2060.80,1,B
14:01:19,2060.80,1,B
14:01:19,2060.90,3,B
14:01:18,2060.90,1,B
14:01:18,2061.00,1,B
14:01:18,2061.00,1,B
14:01:18,2061.10,1,M
14:01:18,2060.90,1,B
14:01:18,2061.10,3,M
14:01:17,2060.90,11,B
14:01:17,2061.10,1,M
14:01:17,2061.00,1,B
14:01:17,2061.10,1,M
14:01:17,2061.00,1,B
14:01:17,2061.00,1,B
14:01:17,2061.10,1,M
14:01:16,2060.80,6,B
14:01:16,2060.80,1,B
14:01:16,2060.80,1,B
14:01:16,2060.80,1,B
14:01:16,2060.90,1,B
14:01:16,2061.50,1,M
14:01:16,2061.50,1,M
14:01:16,2061.50,1,M
14:01:16,2061.50,1,M
14:01:16,2061.50,2,M
14:01:16,2061.50,5,M
14:01:16,2061.40,2,M
14:01:16,2061.40,1,M
14:01:16,2061.40,30,M
14:01:16,2061.40,1,M
14:01:16,2061.30,1,M
14:01:16,2061.10,1,M
14:01:16,2061.10,2,M
14:01:16,2061.10,5,M
14:01:16,2061.10,1,M
14:01:16,2061.10,10,M
14:01:16,2061.00,2,M
14:01:16,2061.00,8,M
14:01:16,2061.00,1,M
14:01:16,2060.90,2,B
14:01:16,2060.90,1,B
14:01:16,2061.00,5,M
14:01:15,2060.90,2,B
14:01:15,2060.90,1,B
14:01:15,2061.10,2,M
14:01:14,2061.10,2,M
14:01:14,2061.00,1,M
14:01:14,2060.90,5,B
14:01:14,2061.00,1,B
14:01:14,2061.00,1,B
14:01:14,2061.00,1,B
14:01:14,2061.00,1,B
14:01:14,2061.00,3,B
14:01:13,2061.00,3,B
14:01:13,2061.00,3,B
14:01:13,2061.00,1,B
14:01:13,2061.00,2,B
14:01:13,2061.00,1,B
14:01:13,2061.00,1,B
14:01:13,2061.00,3,B
14:01:13,2061.00,5,B
14:01:13,2061.00,11,B
14:01:13,2061.10,3,B
14:01:13,2061.10,1,B
14:01:13,2061.40,1,B
14:01:13,2061.10,1,B
14:01:13,2061.40,1,M
14:01:12,2061.50,7,M
14:01:12,2061.50,1,M
14:01:12,2061.50,1,M
14:01:12,2061.10,1,M
14:01:12,2061.00,3,B
14:01:11,2061.40,1,M
14:01:11,2061.00,2,B
14:01:11,2061.10,1,B
14:01:11,2061.10,1,B
14:01:11,2061.10,1,B
14:01:11,2061.10,2,B
14:01:11,2061.10,1,B
14:01:10,2061.50,1,M
14:01:10,2061.50,1,M
14:01:10,2061.50,1,M
14:01:10,2061.50,1,M
14:01:10,2061.10,1,B
14:01:10,2061.10,1,B
14:01:09,2061.50,1,M
14:01:09,2061.50,1,M
14:01:09,2061.40,3,M
14:01:09,2061.00,1,B
14:01:09,2061.10,1,B
14:01:09,2061.10,1,B
14:01:09,2061.10,1,B
14:01:09,2061.40,1,M
14:01:09,2061.20,1,B
14:01:09,2061.20,1,B
14:01:09,2061.20,1,B
14:01:09,2061.20,7,B
14:01:09,2061.40,1,M
14:01:08,2061.60,6,M
14:01:08,2061.70,1,M
14:01:08,2061.60,2,M
14:01:08,2061.60,1,M
14:01:08,2061.60,1,M
14:01:08,2061.20,1,B
14:01:07,2061.30,1,B
14:01:07,2061.20,1,B
14:01:07,2061.20,1,B
14:01:07,2061.60,4,M
14:01:07,2061.30,1,M
14:01:06,2061.70,1,M
14:01:06,2061.70,1,M
14:01:06,2061.70,1,M
14:01:06,2061.60,1,M
14:01:06,2061.20,5,B
14:01:06,2061.50,1,M
14:01:06,2061.50,1,M
14:01:06,2061.50,1,M
14:01:06,2061.50,1,M
14:01:06,2061.40,1,B
14:01:05,2061.40,1,B
14:01:05,2061.20,1,B
14:01:05,2061.40,10,B
14:01:05,2061.70,2,M
14:01:04,2061.40,1,B
14:01:04,2061.40,1,B
14:01:04,2061.60,1,M
14:01:04,2061.60,1,M
14:01:04,2061.60,1,M
14:01:04,2061.50,1,M
14:01:04,2061.50,25,M
14:01:04,2061.50,1,M
14:01:04,2061.40,1,B
14:01:04,2061.40,1,B
14:01:04,2061.40,4,B
14:01:04,2061.20,1,B
14:01:04,2061.20,1,B
14:01:03,2061.20,1,B
14:01:03,2061.40,1,M
14:01:03,2061.30,2,B
14:01:03,2061.20,1,B
14:01:03,2061.80,1,M
14:01:03,2061.80,1,M
14:01:03,2061.80,1,M
14:01:03,2061.80,1,M
14:01:03,2061.80,3,M
14:01:03,2061.80,1,M
14:01:03,2061.80,16,M
14:01:03,2061.70,2,M
14:01:03,2061.70,1,M
14:01:03,2061.60,1,M
14:01:03,2061.50,1,M
14:01:03,2061.50,1,M
14:01:03,2061.50,5,M
14:01:03,2061.50,9,M
14:01:03,2061.50,1,M
14:01:03,2061.40,1,M
14:01:03,2061.40,1,M
14:01:03,2061.40,1,M
14:01:03,2061.40,5,M
14:01:03,2061.40,22,M
14:01:03,2061.30,8,M
14:01:03,2061.30,3,M
14:01:03,2061.30,4,M
14:01:03,2061.00,1,B
14:01:02,2061.00,1,B
14:01:02,2061.30,1,M
14:01:02,2061.00,1,B
14:01:02,2061.00,1,B
14:01:02,2061.20,1,B
14:01:02,2061.30,2,B
14:01:02,2061.40,3,M
14:01:02,2061.00,5,B
14:01:01,2061.20,1,B
14:01:01,2061.00,1,B
14:01:01,2061.20,1,B
14:01:01,2061.40,10,M
14:01:01,2061.20,20,M
14:01:01,2061.20,1,M
14:01:01,2061.00,1,B
14:01:01,2061.40,1,M
14:01:01,2061.40,3,M
14:01:01,2061.30,2,M
14:01:01,2061.10,2,B
14:01:00,2061.20,1,B
14:01:00,2061.40,1,M
14:01:00,2061.20,1,B
14:01:00,2061.40,2,M
14:01:00,2061.20,1,B
14:01:00,2061.20,1,B
14:01:00,2061.20,2,B
14:01:00,2061.20,1,B
14:01:00,2061.30,2,M
14:00:59,2061.20,1,B
14:00:59,2061.20,1,B
14:00:59,2061.30,3,B
14:00:58,2061.30,2,B
14:00:58,2061.30,1,B
14:00:58,2061.40,1,M
14:00:58,2061.40,1,B
14:00:58,2061.40,3,B
14:00:58,2061.40,2,B
14:00:58,2061.60,1,B
14:00:58,2061.80,1,M
14:00:58,2061.60,1,B
14:00:58,2061.40,1,B
14:00:57,2061.80,2,M
14:00:57,2061.70,1,M
14:00:57,2061.60,1,M
14:00:57,2061.80,1,M
14:00:57,2061.70,1,M
14:00:57,2061.20,1,B
14:00:57,2061.30,1,B
14:00:57,2061.30,1,B
14:00:57,2061.80,6,M
14:00:57,2061.70,4,M
14:00:57,2061.20,3,B
14:00:57,2061.30,1,B
14:00:57,2061.70,3,M
14:00:57,2061.70,3,M
14:00:57,2061.70,4,B
14:00:56,2061.70,3,B
14:00:56,2061.80,1,M
14:00:56,2061.80,1,M
14:00:56,2061.70,1,B
14:00:56,2061.70,1,B
14:00:56,2061.60,1,M
14:00:56,2061.50,1,M
14:00:56,2061.40,1,M
14:00:56,2061.20,1,B
14:00:56,2061.20,1,B
14:00:56,2061.30,1,B
14:00:56,2061.80,1,M
14:00:56,2061.30,1,B
14:00:56,2061.80,5,M
14:00:55,2061.80,16,M
14:00:55,2061.80,6,M
14:00:55,2061.80,1,M
14:00:55,2061.80,2,M
14:00:55,2061.70,1,M
14:00:55,2061.70,1,M
14:00:55,2061.60,3,M
14:00:55,2061.30,1,B
14:00:55,2061.60,1,M
14:00:55,2061.70,1,M
14:00:55,2061.20,1,B
14:00:55,2061.70,2,M
14:00:55,2061.20,1,B
14:00:55,2061.70,1,M
14:00:55,2061.30,2,B
14:00:55,2061.70,1,M
14:00:55,2061.60,2,M
14:00:55,2061.60,7,M
14:00:55,2061.60,2,M
14:00:55,2061.50,1,M
14:00:55,2061.40,1,M
14:00:55,2061.10,1,B
14:00:54,2061.60,1,M
14:00:54,2061.60,2,M
14:00:54,2061.40,1,M
14:00:54,2061.20,1,B
14:00:54,2061.40,1,M
14:00:54,2061.60,1,M
14:00:54,2061.60,1,M
14:00:54,2061.60,4,M
14:00:54,2061.50,1,M
14:00:54,2061.50,1,M
14:00:54,2061.00,1,B
14:00:54,2061.10,1,B
14:00:54,2061.10,3,B
14:00:54,2061.10,30,B
14:00:54,2061.50,2,M
14:00:54,2061.40,1,M
14:00:54,2061.10,1,B
14:00:54,2061.40,1,M
14:00:54,2061.50,1,M
14:00:54,2061.10,5,B
14:00:54,2061.50,5,M
14:00:54,2061.10,2,B
14:00:54,2061.10,1,B
14:00:53,2061.50,1,M
14:00:53,2061.20,1,M
14:00:53,2061.50,1,M
14:00:53,2061.10,20,B
14:00:53,2061.50,5,M
14:00:53,2061.50,1,M
14:00:53,2061.50,2,M
14:00:53,2061.50,3,M
14:00:53,2061.40,1,M
14:00:53,2061.20,7,M
14:00:53,2061.10,1,B
14:00:53,2061.20,4,M
14:00:53,2061.20,1,M
14:00:53,2061.20,1,M
14:00:53,2061.20,1,M
14:00:53,2061.10,1,B
14:00:53,2061.10,2,B
14:00:53,2061.40,1,B
14:00:53,2061.40,1,B
14:00:52,2061.40,1,B
14:00:52,2061.50,1,M
14:00:52,2061.40,2,B
14:00:52,2061.40,2,B
14:00:52,2061.50,9,M
14:00:52,2061.40,1,B
14:00:52,2061.50,1,M
14:00:52,2061.10,1,B
14:00:52,2061.10,1,B
14:00:52,2061.50,10,M
14:00:52,2061.10,5,B
14:00:52,2061.10,1,B
14:00:52,2061.50,1,M
14:00:51,2061.50,5,M
14:00:51,2061.50,1,M
14:00:51,2061.50,1,M
14:00:51,2061.50,2,M
14:00:51,2061.40,3,M
14:00:51,2061.10,1,B
14:00:51,2061.10,1,B
14:00:51,2061.10,1,B
14:00:51,2061.10,1,B
14:00:51,2061.40,2,M
14:00:51,2061.10,1,B
14:00:51,2061.40,1,M
14:00:51,2061.00,1,M
14:00:51,2061.50,1,M
14:00:51,2061.50,1,M
14:00:51,2061.50,6,M
14:00:51,2061.50,1,M
14:00:51,2061.40,1,M
14:00:51,2061.40,1,M
14:00:51,2061.40,1,M
14:00:51,2061.40,1,M
14:00:51,2061.40,2,M
14:00:51,2061.40,2,M
14:00:51,2061.40,7,M
14:00:51,2060.90,2,M
14:00:51,2060.90,4,M
14:00:51,2060.90,2,M
14:00:51,2060.80,1,B
14:00:51,2060.90,1,M
14:00:51,2060.90,5,M
14:00:51,2060.90,4,M
14:00:51,2060.90,1,M
14:00:51,2060.90,1,M
14:00:51,2060.90,6,M
14:00:51,2060.90,1,M
14:00:51,2060.90,5,M
14:00:50,2061.40,6,M
14:00:50,2061.40,1,M
14:00:50,2061.30,1,M
14:00:50,2061.20,1,M
14:00:50,2061.10,2,M
14:00:50,2061.10,1,M
14:00:50,2061.10,1,M
14:00:50,2060.80,1,B
14:00:50,2061.30,1,M
14:00:50,2061.20,1,M
14:00:50,2061.20,1,M
14:00:50,2061.20,2,M
14:00:50,2061.20,1,M
14:00:50,2061.00,1,M
14:00:50,2061.00,3,M
14:00:50,2061.00,1,M
14:00:50,2061.00,8,M
14:00:50,2060.70,9,M
14:00:50,2060.70,5,M
14:00:50,2060.70,1,M
14:00:49,2060.60,1,B
14:00:49,2061.00,1,M
14:00:49,2061.00,1,M
14:00:49,2061.00,1,M
14:00:49,2061.00,1,M
14:00:49,2061.00,1,M
14:00:49,2060.80,1,B
14:00:49,2060.80,1,B
14:00:49,2061.00,1,M
14:00:49,2060.80,1,B
14:00:49,2060.80,1,B
14:00:49,2061.00,1,M
14:00:49,2061.00,1,M
14:00:49,2061.00,1,M
14:00:49,2061.00,2,M
14:00:49,2061.00,1,M
14:00:49,2061.00,6,M
14:00:49,2061.00,1,M
14:00:49,2061.00,1,M
14:00:49,2061.00,1,M
14:00:49,2061.00,1,M
14:00:49,2061.00,3,M
14:00:49,2061.00,1,M
14:00:49,2061.00,1,M
14:00:49,2061.00,2,M
14:00:49,2061.00,1,M
14:00:49,2061.00,1,M
14:00:49,2061.00,5,M
14:00:49,2060.60,1,B
14:00:49,2061.00,1,M
14:00:49,2060.90,1,M
14:00:49,2060.60,2,B
14:00:49,2060.90,1,M
14:00:49,2060.90,1,M
14:00:49,2060.60,2,B
14:00:49,2060.70,1,B
14:00:49,2060.90,1,M
14:00:49,2060.80,1,M
14:00:49,2060.70,1,B
14:00:48,2060.80,1,M
14:00:48,2060.80,2,M
14:00:48,2060.80,5,M
14:00:48,2060.80,1,M
14:00:48,2060.80,1,M
14:00:48,2060.80,1,M
14:00:48,2060.80,1,M
14:00:48,2060.80,1,M
14:00:48,2060.80,1,M
14:00:48,2060.80,1,M
14:00:48,2060.80,1,M
14:00:48,2060.80,2,M
14:00:48,2060.80,4,M
14:00:48,2060.80,1,M
14:00:48,2060.80,1,M
14:00:48,2060.80,1,M
14:00:48,2060.70,1,M
14:00:48,2060.70,1,M
14:00:48,2060.60,1,M
14:00:48,2060.60,3,M
14:00:48,2060.60,1,M
14:00:48,2060.60,2,M
14:00:48,2060.50,1,M
14:00:48,2060.40,5,M
14:00:48,2060.20,4,M
14:00:48,2060.20,1,M
14:00:48,2060.20,1,M
14:00:48,2060.10,2,M
14:00:48,2060.00,1,M
14:00:48,2060.00,2,M
14:00:48,2060.00,3,M
14:00:48,2060.00,1,M
14:00:48,2060.00,2,M
14:00:48,2060.00,1,M
14:00:48,2060.00,2,M
14:00:48,2060.00,2,M
14:00:48,2060.00,1,M
14:00:48,2060.00,1,M
14:00:48,2060.00,1,M
14:00:48,2060.00,1,M
14:00:48,2060.00,3,M
14:00:48,2060.00,1,M
14:00:48,2060.00,2,M
14:00:48,2059.90,2,M
14:00:48,2059.90,2,M
14:00:48,2059.90,2,M
14:00:48,2059.90,1,M
14:00:48,2059.90,1,M
14:00:48,2059.90,2,M
14:00:48,2059.90,1,M
14:00:48,2059.90,1,M
14:00:48,2059.90,1,M
14:00:48,2059.80,1,M
14:00:48,2059.80,1,M
14:00:48,2059.80,1,M
14:00:48,2059.80,2,M
14:00:48,2059.80,2,M
14:00:48,2059.80,5,M
14:00:48,2059.80,1,M
14:00:48,2059.70,1,M
14:00:48,2059.70,3,M
14:00:48,2059.70,5,M
14:00:48,2059.70,1,M
14:00:48,2059.60,2,M
14:00:48,2059.60,27,M
14:00:48,2059.60,1,M
14:00:48,2059.50,1,M
14:00:48,2059.50,1,M
14:00:48,2059.50,30,M
14:00:48,2059.50,1,M
14:00:48,2059.50,2,M
14:00:48,2059.50,1,M
14:00:48,2059.40,4,M
14:00:48,2059.40,1,M
14:00:48,2059.40,5,M
14:00:48,2059.40,4,M
14:00:48,2059.40,1,M
14:00:48,2059.30,1,M
14:00:48,2059.20,2,M
14:00:48,2059.10,1,B
14:00:48,2059.20,1,M
14:00:48,2059.20,1,M
14:00:48,2059.20,1,M
14:00:48,2059.20,1,M
14:00:48,2059.10,1,M
14:00:47,2059.00,1,M
14:00:47,2059.00,1,M
14:00:47,2059.00,1,M
14:00:47,2059.00,3,M
14:00:47,2059.00,2,M
14:00:47,2059.00,1,M
14:00:47,2059.00,1,M
14:00:47,2059.00,1,M
14:00:47,2059.00,2,M
14:00:47,2058.90,1,M
14:00:47,2058.90,5,M
14:00:47,2058.90,16,M
14:00:47,2058.90,1,M
14:00:47,2058.90,1,M
14:00:47,2058.90,1,M
14:00:47,2058.90,5,M
14:00:47,2058.90,30,M
14:00:47,2058.90,4,M
14:00:47,2058.70,1,B
14:00:47,2058.90,9,M
14:00:47,2058.70,10,B
14:00:47,2058.80,6,B
14:00:46,2058.90,15,M
14:00:46,2058.90,1,M
14:00:45,2058.90,11,M
14:00:45,2058.90,2,M
14:00:45,2058.90,2,M
14:00:45,2058.90,1,M
14:00:45,2058.90,1,M
14:00:45,2058.90,3,M
14:00:45,2058.90,2,M
14:00:45,2058.90,1,M
14:00:45,2058.90,5,M
14:00:44,2058.80,1,B
14:00:44,2058.90,2,M
14:00:44,2058.90,7,M
14:00:44,2058.80,2,M
14:00:44,2058.80,1,M
14:00:44,2058.80,1,M
14:00:44,2058.80,1,M
14:00:44,2058.80,1,M
14:00:44,2058.80,1,M
14:00:44,2058.80,1,M
14:00:44,2058.80,2,M
14:00:44,2058.80,3,M
14:00:44,2058.80,1,M
14:00:44,2058.80,1,M
14:00:44,2058.80,1,M
14:00:44,2058.80,1,M
14:00:43,2058.70,1,M
14:00:43,2058.70,1,M
14:00:43,2058.70,1,M
14:00:43,2058.70,1,M
14:00:43,2058.70,1,M
14:00:43,2058.70,1,M
14:00:43,2058.70,1,M
14:00:43,2058.70,1,M
14:00:43,2058.70,10,M
14:00:43,2058.70,1,M
14:00:42,2058.60,4,M
14:00:42,2058.70,1,M
14:00:40,2058.70,1,M
14:00:40,2058.50,2,B
14:00:40,2058.50,1,B
14:00:39,2058.50,1,B
14:00:39,2058.50,1,B
14:00:39,2058.70,1,M
14:00:39,2058.50,1,B
14:00:38,2058.70,1,M
14:00:37,2058.50,4,B
14:00:37,2058.50,1,B
14:00:37,2058.50,1,B
14:00:37,2058.50,1,B
14:00:37,2058.70,5,M
14:00:36,2058.50,5,B
14:00:36,2058.50,11,B
14:00:36,2058.50,1,B
14:00:35,2058.50,1,B
14:00:35,2058.50,3,B
14:00:35,2058.50,1,B
14:00:34,2058.70,1,M
14:00:34,2058.50,2,B
14:00:34,2058.70,1,M
14:00:34,2058.50,2,B
14:00:33,2058.50,1,B
14:00:33,2058.60,2,M
14:00:33,2058.50,1,B
14:00:32,2058.50,1,B
14:00:32,2058.70,5,M
14:00:31,2058.70,2,M
14:00:30,2058.70,5,M
14:00:30,2058.50,1,B
14:00:30,2058.70,9,M
14:00:30,2058.70,2,M
14:00:29,2058.70,3,M
14:00:29,2058.70,1,M
14:00:29,2058.70,2,M
14:00:28,2058.40,1,B
14:00:28,2058.70,1,M
14:00:28,2058.50,1,M
14:00:28,2058.50,8,B
14:00:28,2058.70,1,M
14:00:27,2058.70,2,M
14:00:27,2058.50,4,M
14:00:27,2058.50,17,M
14:00:27,2058.50,1,M
14:00:27,2058.50,6,M
14:00:27,2058.50,1,M
14:00:27,2058.30,1,B
14:00:27,2058.40,1,B
14:00:27,2058.40,1,B
14:00:27,2058.50,1,M
14:00:27,2058.50,2,M
14:00:27,2058.50,1,M
14:00:27,2058.50,1,B
14:00:27,2058.60,1,B
14:00:26,2058.60,1,B
14:00:26,2058.60,1,M
14:00:26,2058.60,1,M
14:00:26,2058.60,1,M
14:00:26,2058.70,1,M
14:00:26,2058.70,2,M
14:00:26,2058.40,1,B
14:00:26,2058.60,5,M
14:00:26,2058.50,5,M
14:00:26,2058.50,1,M
14:00:25,2058.50,2,M
14:00:25,2058.50,6,B
14:00:25,2058.60,1,M
14:00:25,2058.40,2,B
14:00:25,2058.60,1,M
14:00:25,2058.60,1,M
14:00:25,2058.50,1,M
14:00:25,2058.50,1,B
14:00:25,2058.50,1,B
14:00:25,2058.60,1,M
14:00:25,2058.50,1,M
14:00:24,2058.60,1,M
14:00:23,2058.50,1,M
14:00:23,2058.50,13,M
14:00:23,2058.50,1,M
14:00:23,2058.50,1,M
14:00:23,2058.50,3,M
14:00:23,2058.50,2,M
14:00:23,2058.50,1,M
14:00:23,2058.50,5,M
14:00:23,2058.50,1,M
14:00:23,2058.30,1,B
14:00:22,2058.50,5,M
14:00:22,2058.50,6,M
14:00:22,2058.50,1,M
14:00:22,2058.50,1,M
14:00:22,2058.30,30,M
14:00:22,2058.30,14,M
14:00:22,2058.30,12,M
14:00:22,2058.20,1,B
14:00:22,2058.20,1,B
14:00:22,2058.30,1,M
14:00:22,2058.30,3,M
14:00:22,2058.50,1,M
14:00:22,2058.50,7,M
14:00:22,2058.50,3,M
14:00:21,2058.50,1,M
14:00:21,2058.50,1,M
14:00:21,2058.50,1,M
14:00:21,2058.50,1,M
14:00:21,2058.50,1,M
14:00:21,2058.50,1,M
14:00:21,2058.50,1,M
14:00:21,2058.50,3,M
14:00:21,2058.50,1,M
14:00:21,2058.20,1,B
14:00:21,2058.50,1,M
14:00:21,2058.40,1,M
14:00:21,2058.40,1,M
14:00:21,2058.40,1,M
14:00:21,2058.40,1,M
14:00:21,2058.40,1,M
14:00:21,2058.40,1,M
14:00:21,2058.40,5,M
14:00:21,2058.40,5,M
14:00:21,2058.20,1,M
14:00:21,2058.20,1,M
14:00:21,2058.10,2,M
14:00:20,2058.10,1,M
14:00:20,2058.10,2,M
14:00:20,2058.10,1,M
14:00:20,2058.10,2,M
14:00:20,2058.10,1,M
14:00:20,2058.10,1,M
14:00:20,2058.10,1,M
14:00:20,2058.10,1,M
14:00:20,2058.10,1,M
14:00:20,2058.10,1,M
14:00:20,2058.10,1,M
14:00:20,2058.10,1,M
14:00:20,2058.10,1,M
14:00:20,2058.10,1,M
14:00:20,2058.10,2,M
14:00:20,2058.10,1,M
14:00:20,2058.10,1,M
14:00:20,2058.00,1,M
14:00:20,2058.00,1,M
14:00:20,2058.00,2,M
14:00:20,2058.00,11,M
14:00:20,2058.00,1,M
14:00:20,2058.00,2,M
14:00:20,2058.00,8,M
14:00:20,2058.00,1,M
14:00:20,2058.00,7,M
14:00:20,2058.00,1,M
14:00:20,2058.00,1,M
14:00:20,2057.90,1,B
14:00:19,2057.90,1,B
14:00:19,2058.00,3,M
14:00:19,2058.00,27,M
14:00:19,2058.00,30,M
14:00:19,2058.00,30,M
14:00:19,2058.00,13,M
14:00:19,2058.00,2,M
14:00:18,2057.90,1,M
14:00:18,2057.90,1,M
14:00:18,2057.90,10,M
14:00:18,2057.90,1,M
14:00:18,2057.90,1,M
14:00:18,2057.90,1,M
14:00:18,2057.90,1,M
14:00:18,2057.90,1,M
14:00:18,2057.90,1,M
14:00:18,2057.90,10,M
14:00:18,2057.90,2,M
14:00:18,2057.90,1,M
14:00:18,2057.90,8,M
14:00:18,2057.90,2,M
14:00:18,2057.90,1,M
14:00:18,2057.80,5,M
14:00:18,2057.80,5,M
14:00:17,2057.80,2,M
14:00:17,2057.80,1,M
14:00:16,2057.80,3,M
14:00:16,2057.80,4,M
14:00:16,2057.70,1,B
14:00:16,2057.80,32,M
14:00:15,2057.80,2,M
14:00:15,2057.80,4,M
14:00:15,2057.80,1,M
14:00:14,2057.70,2,M
14:00:13,2057.80,1,M
14:00:13,2057.80,1,M
14:00:13,2057.80,1,M
14:00:13,2057.80,1,M
14:00:13,2057.70,1,M
14:00:12,2057.70,1,M
14:00:12,2057.30,8,B
14:00:12,2057.50,1,B
14:00:12,2057.60,1,M
14:00:12,2057.60,1,M
14:00:11,2057.20,1,B
14:00:11,2057.40,1,B
14:00:10,2057.70,1,M
14:00:10,2057.70,1,M
14:00:10,2057.50,1,B
14:00:09,2057.50,1,M
14:00:09,2057.50,4,M
14:00:09,2057.50,4,M
14:00:09,2057.50,5,M
14:00:09,2057.50,10,M
14:00:09,2057.50,1,M
14:00:09,2057.50,2,M
14:00:09,2057.50,2,M
14:00:09,2057.50,1,M
14:00:09,2057.50,1,M
14:00:09,2057.50,2,M
14:00:09,2057.50,13,M
14:00:09,2057.50,2,M
14:00:09,2057.50,6,M
14:00:08,2057.50,1,M
14:00:08,2057.10,9,B
14:00:08,2057.10,1,B
14:00:08,2057.20,1,B
14:00:08,2057.20,6,B
14:00:08,2057.20,28,B
14:00:08,2057.30,1,B
14:00:08,2057.30,1,B
14:00:08,2057.40,3,B
14:00:08,2057.50,1,M
14:00:08,2057.50,1,M
14:00:08,2057.50,1,M
14:00:08,2057.50,1,B
14:00:08,2057.50,5,B
14:00:08,2057.50,1,B
14:00:08,2057.50,6,B
14:00:07,2057.50,1,B
14:00:07,2057.50,4,B
14:00:07,2057.50,1,B
14:00:07,2057.50,1,B
14:00:07,2057.50,1,B
14:00:07,2057.50,14,B
14:00:07,2057.50,2,B
14:00:07,2057.60,1,B
14:00:07,2057.60,6,M
14:00:07,2057.50,1,B
14:00:07,2057.50,1,B
14:00:07,2057.60,1,M
14:00:06,2057.60,1,M
14:00:06,2057.40,1,B
14:00:05,2057.70,1,M
14:00:05,2057.70,1,M
14:00:05,2057.70,1,M
14:00:05,2057.70,3,M
14:00:05,2057.70,1,M
14:00:05,2057.70,1,M
14:00:05,2057.70,3,M
14:00:05,2057.70,5,M
14:00:05,2057.70,4,M
14:00:05,2057.70,1,M
14:00:05,2057.60,8,M
14:00:05,2057.50,1,M
14:00:05,2057.50,8,M
14:00:05,2057.50,1,B
14:00:04,2057.60,1,M
14:00:03,2057.50,1,B
14:00:03,2057.60,1,M
14:00:03,2057.60,1,M
14:00:03,2057.50,2,M
14:00:02,2057.60,1,M
14:00:02,2057.60,5,M
14:00:02,2057.40,2,B
14:00:02,2057.50,1,B
14:00:02,2057.60,3,M
14:00:01,2057.50,5,B
14:00:01,2057.50,1,B
14:00:01,2057.50,1,B
14:00:01,2057.50,1,M
14:00:01,2057.50,1,M
14:00:01,2057.50,1,M
14:00:01,2057.50,1,M
14:00:01,2057.50,1,M
14:00:01,2057.40,2,M
14:00:01,2057.20,1,B
14:00:01,2057.20,13,B
14:00:01,2057.20,2,B
14:00:01,2057.20,20,B
14:00:01,2057.20,6,B
14:00:01,2057.20,34,B
14:00:01,2057.20,1,B
14:00:01,2057.20,1,B
14:00:01,2057.20,1,B
14:00:01,2057.20,9,B
14:00:01,2057.30,1,B
14:00:01,2057.30,1,B
14:00:01,2057.30,6,B
14:00:01,2057.30,2,B
14:00:01,2057.30,1,B
14:00:01,2057.30,2,B
14:00:01,2057.40,4,M
14:00:01,2057.40,4,B
14:00:00,2057.40,1,B
13:59:57,2057.50,3,M
13:59:57,2057.50,11,M
13:59:57,2057.50,2,M
13:59:56,2057.50,1,M
13:59:55,2057.30,2,B
13:59:55,2057.30,2,B
13:59:55,2057.50,10,M
13:59:53,2057.50,1,M
13:59:52,2057.50,9,M
13:59:50,2057.50,1,M
13:59:48,2057.20,1,B
13:59:48,2057.20,1,B
13:59:47,2057.50,3,M
13:59:47,2057.50,10,M
13:59:46,2057.20,6,B
13:59:45,2057.20,2,B
13:59:44,2057.50,9,M
13:59:44,2057.40,1,M
13:59:43,2057.20,1,B
13:59:43,2057.20,1,B
13:59:42,2057.50,1,M
13:59:42,2057.20,1,B
13:59:41,2057.50,1,M
13:59:41,2057.50,1,M
13:59:41,2057.50,1,M
13:59:41,2057.20,1,B
13:59:40,2057.50,1,M
13:59:40,2057.50,1,M
13:59:40,2057.50,1,M
13:59:39,2057.20,1,B
13:59:38,2057.50,1,M
13:59:38,2057.50,1,M
13:59:38,2057.50,1,M
13:59:38,2057.40,2,M
13:59:38,2057.40,1,M
13:59:38,2057.40,1,M
13:59:38,2057.40,1,M
13:59:38,2057.40,1,M
13:59:38,2057.40,3,M
13:59:38,2057.40,1,M
13:59:38,2057.20,3,B
13:59:37,2057.20,3,M
13:59:36,2057.10,6,B
13:59:36,2057.40,1,M
13:59:36,2057.40,1,M
13:59:36,2057.10,1,B
13:59:35,2057.10,1,B
13:59:34,2057.10,1,B
13:59:34,2057.10,1,B
13:59:34,2057.20,1,B
13:59:34,2057.20,1,B
13:59:33,2057.10,1,B
13:59:33,2057.10,1,B
13:59:33,2057.20,1,B
13:59:30,2057.00,31,B
13:59:30,2057.20,6,B
13:59:30,2057.20,8,B
13:59:30,2057.20,3,B
13:59:30,2057.20,2,B
13:59:29,2057.20,2,B
13:59:29,2057.20,1,B
13:59:27,2057.20,1,B
13:59:26,2057.00,47,B
13:59:26,2057.10,2,B
13:59:26,2057.10,1,B
13:59:25,2057.10,1,B
13:59:25,2057.10,3,B
13:59:25,2057.20,1,M
13:59:24,2057.10,7,B
13:59:24,2057.10,5,B
13:59:24,2057.10,25,B
13:59:24,2057.10,1,B
13:59:24,2057.10,6,B
13:59:24,2057.20,2,B
13:59:24,2057.20,4,B
13:59:23,2057.40,5,M
13:59:23,2057.40,2,M
13:59:23,2057.40,1,M
13:59:22,2057.20,1,B
13:59:22,2057.20,2,B
13:59:22,2057.20,1,B
13:59:22,2057.20,1,B
13:59:22,2057.20,2,B
13:59:22,2057.40,1,M
13:59:22,2057.20,1,B
13:59:21,2057.40,1,M
13:59:20,2057.20,2,B
13:59:20,2057.20,1,B
13:59:20,2057.20,1,B
13:59:19,2057.40,1,M
13:59:19,2057.20,1,M
13:59:18,2057.20,1,B
13:59:17,2057.40,2,M
13:59:17,2057.40,1,M
13:59:16,2057.40,1,M
13:59:14,2057.40,1,M
13:59:14,2057.00,2,B
13:59:14,2057.10,7,B
13:59:14,2057.20,1,B
13:59:14,2057.20,1,B
13:59:13,2057.50,1,M
13:59:13,2057.50,1,M
13:59:12,2057.40,1,B
13:59:12,2057.40,1,B
13:59:12,2057.50,1,M
13:59:11,2057.10,1,B
13:59:11,2057.10,1,B
13:59:11,2057.10,2,B
13:59:11,2057.40,1,M
13:59:10,2057.10,4,B
13:59:10,2057.10,2,B
13:59:10,2057.20,1,M
13:59:09,2057.20,1,M
13:59:09,2057.10,5,B
13:59:09,2057.10,1,B
13:59:09,2057.10,1,B
13:59:08,2057.20,1,M
13:59:08,2057.10,1,B
13:59:08,2057.00,13,B
13:59:08,2057.20,1,M
13:59:08,2057.00,1,B
13:59:07,2057.00,2,B
13:59:07,2057.00,4,B
13:59:07,2057.00,1,B
13:59:07,2057.00,7,B
13:59:07,2057.10,1,B
13:59:07,2057.20,1,M
13:59:06,2057.00,2,B
13:59:06,2057.00,5,B
13:59:06,2057.30,1,M
13:59:06,2057.00,1,B
13:59:06,2057.00,5,B
13:59:06,2057.00,10,B
13:59:06,2057.00,2,B
13:59:06,2057.10,1,B
13:59:06,2057.10,1,B
13:59:06,2057.10,1,B
13:59:06,2057.10,1,B
13:59:06,2057.10,1,B
13:59:06,2057.10,1,B
13:59:06,2057.10,1,B
13:59:06,2057.10,1,B
13:59:06,2057.10,1,B
13:59:06,2057.10,2,B
13:59:06,2057.10,1,B
13:59:06,2057.10,5,B
13:59:06,2057.10,1,B
13:59:05,2057.20,1,B
13:59:05,2057.20,1,B
13:59:05,2057.20,1,B
13:59:05,2057.20,1,B
13:59:05,2057.20,2,B
13:59:05,2057.20,1,B
13:59:05,2057.20,1,B
13:59:05,2057.20,3,B
13:59:05,2057.20,5,B
13:59:05,2057.20,2,B
13:59:04,2057.30,1,B
13:59:04,2057.30,8,B
13:59:04,2057.30,1,B
13:59:04,2057.30,3,B
13:59:04,2057.30,3,B
13:59:04,2057.40,1,M
13:59:04,2057.40,1,B
13:59:04,2057.40,8,B
13:59:04,2057.40,1,B
13:59:03,2057.50,1,M
13:59:03,2057.50,1,M
13:59:03,2057.50,5,M
13:59:03,2057.40,1,B
13:59:02,2057.50,1,M
13:59:02,2057.50,10,B
13:59:02,2057.50,1,B
13:59:02,2057.50,2,B
13:59:02,2057.70,1,M
13:59:02,2057.50,1,B
13:59:02,2057.50,1,B
13:59:02,2057.70,3,M
13:59:02,2057.70,1,M
13:59:02,2057.60,4,M
13:59:01,2057.60,2,M
13:59:01,2057.50,1,B
13:59:01,2057.60,1,M
13:59:00,2057.80,6,M
13:59:00,2057.80,1,M
13:59:00,2057.80,1,M
13:59:00,2057.80,1,M
13:59:00,2057.70,1,M
13:59:00,2057.70,1,M
13:59:00,2057.70,1,M
13:59:00,2057.70,1,M
13:59:00,2057.70,1,M
13:59:00,2057.60,1,B
13:58:59,2057.70,1,M
13:58:59,2057.50,1,B
13:58:59,2057.70,2,B
13:58:59,2057.80,2,M
13:58:59,2057.50,1,B
13:58:58,2057.80,1,M
13:58:58,2057.60,1,B
13:58:57,2057.80,1,M
13:58:57,2057.70,1,M
13:58:57,2057.50,2,B
13:58:57,2057.50,1,B
13:58:57,2057.70,1,M
13:58:56,2057.50,1,B
13:58:55,2057.50,2,B
13:58:55,2057.70,1,M
13:58:55,2057.70,1,M
13:58:55,2057.70,4,M
13:58:55,2057.70,1,M
13:58:55,2057.50,8,B
13:58:55,2057.50,1,B
13:58:54,2057.50,1,B
13:58:54,2057.70,1,M
13:58:54,2057.50,1,B
13:58:54,2057.50,1,B
13:58:54,2057.70,3,M
13:58:53,2057.70,2,M
13:58:53,2057.50,1,B
13:58:53,2057.60,1,B
13:58:53,2057.80,2,M
13:58:53,2057.80,3,M
13:58:52,2057.80,1,M
13:58:51,2057.80,1,M
13:58:51,2057.70,1,M
13:58:51,2057.60,1,M
13:58:51,2057.60,1,M
13:58:51,2057.60,1,M
13:58:50,2057.50,1,B
13:58:50,2057.60,1,M
13:58:49,2057.60,9,B
13:58:48,2057.60,2,B
13:58:47,2057.70,5,M
13:58:47,2057.60,1,B
13:58:46,2057.70,1,M
13:58:46,2057.70,1,M
13:58:45,2057.70,1,M
13:58:44,2057.70,1,M
13:58:44,2057.70,3,M
13:58:44,2057.70,1,M
13:58:44,2057.70,1,M
13:58:43,2057.60,2,B
13:58:43,2057.60,1,M
13:58:43,2057.60,4,M
13:58:43,2057.60,1,M
13:58:42,2057.50,1,B
13:58:41,2057.50,1,B
13:58:39,2057.60,1,M
13:58:38,2057.50,1,B
13:58:38,2057.50,1,M
13:58:38,2057.50,1,M
13:58:38,2057.40,1,M
13:58:38,2057.40,1,M
13:58:38,2057.40,29,M
13:58:38,2057.30,1,M
13:58:36,2057.20,3,B
13:58:35,2057.00,1,B
13:58:35,2057.20,1,M
13:58:32,2057.00,2,B
13:58:32,2057.20,1,B
13:58:31,2057.00,3,B
13:58:31,2057.10,2,B
13:58:31,2057.30,1,M
13:58:31,2057.00,2,B
13:58:31,2057.00,1,B
13:58:30,2057.00,1,B
13:58:30,2057.10,2,B
13:58:30,2057.20,1,B
13:58:30,2057.30,1,B
13:58:30,2057.40,1,M
13:58:29,2057.00,10,B
13:58:29,2057.00,1,B
13:58:29,2057.00,1,B
13:58:29,2057.00,12,B
13:58:29,2057.10,1,B
13:58:29,2057.10,2,B
13:58:29,2057.10,1,B
13:58:29,2057.10,1,B
13:58:29,2057.10,1,B
13:58:29,2057.10,2,B
13:58:29,2057.10,1,B
13:58:29,2057.10,1,B
13:58:29,2057.10,1,B
13:58:29,2057.10,1,B
13:58:29,2057.10,13,B
13:58:29,2057.20,1,B
13:58:29,2057.50,1,M
13:58:29,2057.50,2,B
13:58:28,2057.10,17,B
13:58:28,2057.10,1,B
13:58:28,2057.20,2,B
13:58:28,2057.20,5,B
13:58:28,2057.20,10,B
13:58:28,2057.20,1,B
13:58:28,2057.20,3,B
13:58:28,2057.30,1,B
13:58:28,2057.30,9,B
13:58:28,2057.50,1,B
13:58:28,2057.60,1,M
13:58:27,2057.60,1,M
13:58:27,2057.30,1,B
13:58:25,2057.50,1,M
13:58:23,2057.30,1,B
13:58:21,2057.80,4,M
13:58:21,2057.50,3,M
13:58:21,2057.50,18,M
13:58:20,2057.50,1,M
13:58:19,2057.20,1,B
13:58:18,2057.50,2,M
13:58:18,2057.20,4,B
13:58:18,2057.50,1,M
13:58:17,2057.50,1,M
13:58:17,2057.20,1,B
13:58:17,2057.50,1,M
13:58:17,2057.50,2,M
13:58:17,2057.50,7,M
13:58:16,2057.20,1,B
13:58:16,2057.20,1,B
13:58:16,2057.20,1,B
13:58:16,2057.50,3,M
13:58:16,2057.50,9,M
13:58:15,2057.50,1,B
13:58:15,2057.50,4,B
13:58:14,2057.80,1,M
13:58:13,2057.50,1,B
13:58:13,2057.50,10,M
13:58:13,2057.50,2,M
13:58:13,2057.50,1,M
13:58:13,2057.50,1,M
13:58:13,2057.50,12,M
13:58:13,2057.50,1,M
13:58:13,2057.50,1,M
13:58:13,2057.50,1,M
13:58:13,2057.50,1,M
13:58:12,2057.40,1,B
13:58:12,2057.50,1,M
13:58:12,2057.50,1,M
13:58:12,2057.50,1,M
13:58:12,2057.50,4,M
13:58:12,2057.50,1,M
13:58:12,2057.50,1,M
13:58:11,2057.20,48,B
13:58:11,2057.30,1,B
13:58:11,2057.30,1,B
13:58:11,2057.40,1,M
13:58:11,2057.40,1,M
13:58:10,2057.00,6,B
13:58:10,2057.10,1,B
13:58:10,2057.10,1,B
13:58:10,2057.30,2,B
13:58:09,2057.50,1,M
13:58:09,2057.30,1,M
13:58:05,2057.50,1,M
13:58:04,2057.00,1,B
13:58:03,2057.50,1,M
13:57:59,2057.30,1,M
13:57:59,2057.30,1,M
13:57:59,2057.00,1,B
13:57:58,2057.00,1,B
13:57:58,2057.30,1,M
13:57:57,2057.00,1,M
13:57:57,2057.00,5,M
13:57:57,2057.00,2,M
13:57:57,2057.00,1,M
13:57:57,2057.00,5,M
13:57:57,2057.00,4,M
13:57:57,2057.00,1,M
13:57:56,2057.00,2,M
13:57:56,2057.00,1,B
13:57:56,2057.00,3,B
13:57:56,2057.00,1,B
13:57:56,2057.00,1,B
13:57:56,2057.10,1,B
13:57:56,2057.10,1,B
13:57:56,2057.20,7,B
13:57:56,2057.20,27,M
13:57:56,2057.20,1,M
13:57:56,2057.20,6,M
13:57:56,2057.20,1,M
13:57:55,2057.20,1,M
13:57:54,2057.20,2,B
13:57:53,2057.50,1,M
13:57:52,2057.20,1,B
13:57:52,2057.20,1,B
13:57:52,2057.20,6,B
13:57:52,2057.20,2,B
13:57:52,2057.20,5,B
13:57:52,2057.20,1,B
13:57:52,2057.20,1,B
13:57:52,2057.30,2,B
13:57:52,2057.40,4,B
13:57:51,2057.20,3,B
13:57:51,2057.50,1,M
13:57:51,2057.20,1,B
13:57:51,2057.50,4,M
13:57:51,2057.20,2,B
13:57:50,2057.50,3,M
13:57:50,2057.50,1,M
13:57:49,2057.40,2,B
13:57:49,2057.40,2,B
13:57:49,2057.50,1,B
13:57:49,2057.70,1,B
13:57:49,2057.70,2,B
13:57:48,2057.80,1,M
13:57:48,2057.80,1,M
13:57:48,2057.80,4,M
13:57:47,2057.80,8,M
13:57:47,2057.80,1,M
13:57:47,2057.70,1,B
13:57:45,2057.80,6,M
13:57:45,2057.70,14,M
13:57:45,2057.70,13,M
13:57:45,2057.60,1,B
13:57:45,2057.70,1,M
13:57:44,2057.50,1,B
13:57:44,2057.50,1,M
13:57:44,2057.50,1,M
13:57:44,2057.50,1,M
13:57:44,2057.50,1,M
13:57:44,2057.40,1,B
13:57:44,2057.30,4,B
13:57:43,2057.80,1,M
13:57:43,2057.80,1,M
13:57:43,2057.30,1,B
13:57:43,2057.80,1,M
13:57:43,2057.80,1,M
13:57:42,2057.80,1,M
13:57:42,2057.60,1,B
13:57:42,2057.80,4,M
13:57:42,2057.50,1,M
13:57:42,2057.80,3,M
13:57:42,2057.70,1,M
13:57:42,2057.60,1,M
13:57:42,2057.50,3,M
13:57:42,2057.50,1,M
13:57:42,2057.50,1,M
13:57:41,2057.50,1,M
13:57:41,2057.00,1,M
13:57:41,2057.60,3,M
13:57:41,2057.60,4,M
13:57:41,2057.50,1,M
13:57:41,2057.50,1,M
13:57:41,2057.50,3,M
13:57:41,2057.40,1,M
13:57:41,2057.40,1,M
13:57:41,2057.00,1,M
13:57:41,2057.00,1,M
13:57:41,2057.00,4,M
13:57:41,2057.00,5,M
13:57:41,2057.00,1,M
13:57:41,2057.00,1,M
13:57:41,2057.00,1,M
13:57:41,2057.00,2,M
13:57:41,2056.80,1,B
13:57:41,2057.00,5,M
13:57:41,2057.00,3,M
13:57:41,2057.00,1,M
13:57:41,2057.00,30,M
13:57:40,2057.00,7,M
13:57:40,2057.00,30,M
13:57:40,2057.00,2,M
13:57:40,2056.90,1,M
13:57:39,2056.70,1,B
13:57:39,2056.70,1,B
13:57:39,2056.70,2,M
13:57:39,2056.70,2,M
13:57:38,2056.70,2,M
13:57:38,2056.60,2,M
13:57:38,2056.60,1,M
13:57:38,2056.60,1,M
13:57:38,2056.50,1,B
13:57:38,2056.60,1,B
13:57:36,2056.60,1,B
13:57:36,2056.70,1,B
13:57:35,2056.50,1,B
13:57:34,2056.70,4,B
13:57:34,2057.00,1,M
13:57:32,2057.00,1,M
13:57:32,2056.70,1,M
13:57:31,2056.80,1,B
13:57:30,2056.90,1,M
13:57:30,2057.00,1,M
13:57:30,2057.00,10,M
13:57:30,2057.00,5,M
13:57:29,2057.00,7,M
13:57:29,2056.90,1,M
13:57:29,2056.90,1,B
13:57:29,2056.90,1,B
13:57:29,2056.90,1,B
13:57:28,2057.00,1,M
13:57:28,2056.90,1,M
13:57:28,2056.60,1,B
13:57:28,2056.60,1,B
13:57:28,2056.90,1,M
13:57:28,2057.00,2,M
13:57:28,2056.90,1,B
13:57:28,2057.50,1,M
13:57:28,2057.40,4,M
13:57:28,2057.40,1,M
13:57:28,2057.00,5,M
13:57:28,2057.00,1,M
13:57:27,2056.50,1,B
13:57:27,2056.50,5,B
13:57:27,2056.60,1,B
13:57:27,2056.60,1,B
13:57:27,2056.60,1,B
13:57:27,2056.60,1,B
13:57:27,2056.60,2,B
13:57:27,2056.60,1,B
13:57:27,2056.80,1,B
13:57:27,2056.80,1,B
13:57:27,2056.80,1,B
13:57:27,2056.80,1,B
13:57:27,2056.90,2,B
13:57:27,2056.90,1,B
13:57:27,2057.00,2,M
13:57:27,2057.00,1,M
13:57:27,2057.00,1,M
13:57:27,2057.00,1,M
13:57:27,2057.00,1,M
13:57:27,2057.00,1,B
13:57:27,2057.00,3,B
13:57:27,2057.00,2,B
13:57:27,2057.00,1,B
13:57:27,2057.00,1,B
13:57:27,2057.00,20,B
13:57:27,2057.00,2,B
13:57:27,2057.00,3,B
13:57:27,2057.00,7,B
13:57:27,2057.00,2,B
13:57:27,2057.10,1,B
13:57:27,2057.10,1,B
13:57:27,2057.10,1,B
13:57:27,2057.10,1,B
13:57:27,2057.10,1,B
13:57:27,2057.10,6,B
13:57:27,2057.20,10,B
13:57:25,2057.50,1,M
13:57:24,2057.40,1,M
13:57:24,2057.20,6,M
13:57:24,2057.20,1,M
13:57:23,2057.20,2,B
13:57:23,2057.20,15,B
13:57:23,2057.20,1,B
13:57:23,2057.50,1,M
13:57:22,2057.30,19,M
13:57:22,2057.30,5,M
13:57:21,2057.40,1,B
13:57:21,2057.60,1,M
13:57:21,2057.60,3,M
13:57:21,2057.60,1,M
13:57:21,2057.50,7,M
13:57:21,2057.50,1,M
13:57:21,2057.50,1,M
13:57:21,2057.50,1,M
13:57:21,2057.50,1,M
13:57:20,2057.10,1,B
13:57:20,2057.10,1,B
13:57:20,2057.10,1,B
13:57:20,2057.10,1,B
13:57:20,2057.50,1,M
13:57:20,2057.10,1,B
13:57:20,2057.50,1,M
13:57:19,2057.60,2,M
13:57:19,2057.00,2,B
13:57:19,2057.00,4,B
13:57:19,2057.10,2,B
13:57:19,2057.20,1,B
13:57:19,2057.30,1,B
13:57:19,2057.50,1,M
13:57:19,2057.00,1,B
13:57:18,2057.30,5,M
13:57:18,2057.20,5,M
13:57:18,2057.00,1,B
13:57:18,2057.20,1,M
13:57:18,2057.00,1,M
13:57:18,2057.00,7,M
13:57:18,2057.00,1,M
13:57:18,2057.00,3,M
13:57:18,2057.00,2,M
13:57:18,2057.00,13,M
13:57:18,2057.00,2,M
13:57:17,2057.00,5,M
13:57:17,2057.00,30,M
13:57:17,2056.80,5,B
13:57:17,2057.00,5,M
13:57:17,2057.00,30,M
13:57:17,2057.00,1,M
13:57:16,2056.80,1,B
13:57:16,2057.00,1,M
13:57:16,2056.90,5,M
13:57:16,2056.90,1,M
13:57:16,2056.90,6,M
13:57:16,2056.90,1,M
13:57:16,2056.90,1,M
13:57:16,2056.80,1,M
13:57:16,2056.60,2,B
13:57:16,2056.60,1,B
13:57:15,2056.60,10,B
13:57:15,2056.60,2,B
13:57:15,2056.70,1,M
13:57:15,2056.70,1,M
13:57:15,2056.60,4,B
13:57:15,2056.60,2,B
13:57:14,2056.60,1,B
13:57:14,2056.60,2,M
13:57:14,2056.10,1,B
13:57:14,2056.10,1,B
13:57:14,2056.10,1,B
13:57:14,2056.20,2,B
13:57:14,2056.20,1,B
13:57:14,2056.20,1,B
13:57:14,2056.20,1,B
13:57:14,2056.20,1,B
13:57:14,2056.30,1,B
13:57:14,2056.30,1,B
13:57:14,2056.30,1,B
13:57:14,2056.30,5,M
13:57:14,2056.30,2,M
13:57:14,2056.20,1,B
13:57:14,2056.20,1,B
13:57:13,2056.30,1,B
13:57:13,2056.70,2,M
13:57:13,2056.70,3,M
13:57:13,2056.70,10,M
13:57:12,2056.20,1,B
13:57:12,2056.20,1,B
13:57:12,2056.30,1,B
13:57:12,2056.30,1,B
13:57:12,2056.30,3,B
13:57:12,2056.40,1,B
13:57:12,2056.40,1,B
13:57:12,2056.40,2,B
13:57:12,2056.40,2,B
13:57:12,2056.70,1,M
13:57:12,2056.50,1,B
13:57:11,2056.50,1,B
13:57:11,2056.90,1,M
13:57:11,2056.40,1,B
13:57:11,2056.50,1,B
13:57:11,2056.50,1,B
13:57:10,2057.00,7,M
13:57:10,2056.90,1,M
13:57:10,2056.70,3,M
13:57:10,2056.60,1,M
13:57:10,2056.50,1,B
13:57:10,2056.50,1,B
13:57:10,2056.50,1,B
13:57:10,2056.50,1,B
13:57:10,2056.80,1,B
13:57:10,2056.90,1,M
13:57:10,2056.50,1,B
13:57:10,2056.80,1,B
13:57:10,2057.00,3,M
13:57:09,2056.80,2,M
13:57:09,2056.80,1,M
13:57:09,2056.70,1,M
13:57:09,2056.70,1,M
13:57:09,2056.70,4,M
13:57:09,2056.60,1,M
13:57:09,2056.60,1,M
13:57:09,2056.70,1,M
13:57:09,2056.60,1,M
13:57:08,2056.80,1,M
13:57:08,2056.80,1,M
13:57:08,2056.80,1,M
13:57:08,2057.00,1,M
13:57:08,2056.50,4,B
13:57:08,2056.50,1,B
13:57:08,2056.60,1,B
13:57:08,2056.70,1,B
13:57:08,2056.70,5,B
13:57:07,2056.70,1,B
13:57:07,2056.70,2,M
13:57:07,2056.80,2,B
13:57:07,2056.80,1,B
13:57:07,2057.00,3,B
13:57:07,2057.00,3,B
13:57:07,2057.00,1,B
13:57:07,2056.80,3,M
13:57:07,2056.60,2,B
13:57:07,2056.70,11,B
13:57:07,2056.80,2,B
13:57:07,2056.80,2,B
13:57:07,2056.80,1,B
13:57:07,2056.80,2,B
13:57:07,2057.00,2,B
13:57:07,2057.00,1,B
13:57:07,2057.00,2,B
13:57:07,2057.10,5,B
13:57:07,2057.30,20,B
13:57:06,2057.10,1,B
13:57:06,2057.10,1,B
13:57:06,2057.10,1,B
13:57:06,2057.10,1,B
13:57:06,2057.10,1,B
13:57:06,2057.10,1,B
13:57:06,2057.10,4,B
13:57:06,2057.20,1,B
13:57:06,2057.60,1,B
13:57:06,2057.60,1,B
13:57:05,2057.60,1,M
13:57:05,2057.20,1,B
13:57:05,2057.20,1,B
13:57:05,2057.60,1,B
13:57:05,2057.70,1,M
13:57:05,2057.60,1,B
13:57:05,2057.60,2,B
13:57:05,2057.50,1,M
13:57:05,2057.50,5,M
13:57:05,2057.00,1,B
13:57:04,2057.00,7,B
13:57:04,2057.00,3,B
13:57:04,2057.00,2,B
13:57:04,2057.00,1,B
13:57:04,2057.00,2,B
13:57:04,2057.00,2,B
13:57:04,2057.00,1,B
13:57:04,2057.00,1,B
13:57:04,2057.00,1,B
13:57:04,2057.10,1,B
13:57:04,2057.10,5,B
13:57:04,2057.10,1,B
13:57:04,2057.20,14,B
13:57:04,2057.20,1,B
13:57:04,2057.20,1,B
13:57:04,2057.20,1,B
13:57:04,2057.20,3,B
13:57:04,2057.30,1,B
13:57:04,2057.30,1,B
13:57:04,2057.40,1,B
13:57:04,2057.50,24,M
13:57:04,2057.50,1,B
13:57:04,2057.50,1,B
13:57:04,2057.50,2,B
13:57:04,2057.50,1,B
13:57:04,2057.70,1,B
13:57:04,2057.80,1,M
13:57:03,2057.50,1,B
13:57:03,2057.80,1,M
13:57:03,2057.50,1,B
13:57:02,2057.50,1,B
13:57:02,2057.50,1,B
13:57:02,2058.00,1,M
13:57:02,2057.80,1,M
13:57:02,2057.80,1,M
13:57:02,2057.60,1,M
13:57:02,2057.60,1,M
13:57:02,2057.60,1,B
13:57:01,2057.60,9,B
13:57:01,2057.70,1,B
13:57:01,2057.70,1,B
13:57:01,2057.80,1,B
13:57:01,2057.80,1,B
13:57:01,2057.80,2,B
13:57:01,2057.80,1,B
13:57:01,2057.80,4,B
13:57:01,2057.80,1,B
13:57:01,2058.00,2,M
13:57:00,2058.00,4,B
13:57:00,2058.00,1,B
13:56:59,2058.10,1,M
13:56:59,2057.80,1,B
13:56:59,2058.00,1,B
13:56:57,2057.80,1,B
13:56:57,2057.90,1,B
13:56:57,2057.90,1,B
13:56:57,2057.90,5,B
13:56:57,2058.00,1,B
13:56:57,2058.00,1,B
13:56:57,2058.00,1,B
13:56:56,2058.00,1,B
13:56:55,2058.30,1,M
13:56:55,2058.10,1,B
13:56:52,2058.40,1,M
13:56:52,2057.90,1,B
13:56:52,2058.00,1,M
13:56:52,2058.00,4,M
13:56:51,2058.00,10,M
13:56:51,2058.00,2,M
13:56:51,2058.00,1,M
13:56:51,2058.00,10,B
13:56:51,2058.00,1,B
13:56:51,2058.00,5,B
13:56:51,2058.20,1,B
13:56:50,2058.40,5,M
13:56:50,2058.00,1,B
13:56:49,2058.00,1,B
13:56:48,2058.40,1,M
13:56:47,2058.00,1,B
13:56:46,2058.00,1,B
13:56:46,2058.00,1,B
13:56:45,2058.40,12,M
13:56:45,2058.30,1,M
13:56:45,2058.20,2,M
13:56:45,2058.40,1,M
13:56:45,2058.40,3,M
13:56:45,2058.30,2,M
13:56:44,2058.00,1,B
13:56:44,2058.00,1,B
13:56:43,2058.40,1,M
13:56:43,2058.30,1,M
13:56:43,2058.30,1,M
13:56:43,2058.30,2,M
13:56:41,2058.50,1,M
13:56:41,2058.50,1,M
13:56:41,2058.50,1,M
13:56:41,2058.50,2,M
13:56:41,2058.30,1,M
13:56:39,2058.40,1,M
13:56:39,2058.40,5,M
13:56:39,2058.30,1,M
13:56:39,2058.10,4,M
13:56:38,2058.00,1,M
13:56:38,2058.00,1,M
13:56:38,2058.00,1,M
13:56:38,2058.00,1,M
13:56:37,2058.00,1,B
13:56:37,2058.00,1,B
13:56:37,2058.50,2,M
13:56:37,2058.40,1,M
13:56:37,2058.30,1,M
13:56:37,2058.30,1,M
13:56:37,2058.20,1,M
13:56:37,2058.20,1,M
13:56:37,2057.90,7,M
13:56:36,2057.90,1,M
13:56:36,2057.90,5,B
13:56:36,2058.00,1,B
13:56:36,2058.00,1,M
13:56:35,2057.90,2,B
13:56:34,2058.00,1,B
13:56:34,2058.10,1,B
13:56:34,2058.10,1,B
13:56:33,2058.50,1,M
13:56:33,2058.00,15,B
13:56:33,2058.00,2,B
13:56:33,2058.00,1,B
13:56:33,2058.00,1,B
13:56:33,2058.00,5,B
13:56:33,2058.00,1,B
13:56:33,2058.00,3,B
13:56:33,2058.10,1,B
13:56:33,2058.10,2,B
13:56:33,2058.50,1,M
13:56:33,2058.00,1,B
13:56:33,2058.10,1,B
13:56:33,2058.10,1,B
13:56:33,2058.10,6,B
13:56:33,2058.20,2,B
13:56:33,2058.20,2,B
13:56:33,2058.40,1,B
13:56:33,2058.20,1,B
13:56:33,2058.20,2,B
13:56:32,2058.60,1,M
13:56:32,2058.50,1,M
13:56:32,2058.50,1,M
13:56:32,2058.50,2,M
13:56:32,2058.00,5,B
13:56:32,2058.00,12,B
13:56:32,2058.00,5,B
13:56:32,2058.00,1,B
13:56:32,2058.00,1,B
13:56:32,2058.00,5,B
13:56:32,2058.00,17,B
13:56:32,2058.10,1,B
13:56:32,2058.10,1,B
13:56:32,2058.10,2,B
13:56:32,2058.70,1,M
13:56:32,2058.60,1,M
13:56:32,2058.20,1,B
13:56:32,2058.40,1,B
13:56:32,2058.60,1,M
13:56:31,2058.50,2,M
13:56:31,2058.60,1,M
13:56:31,2058.60,1,M
13:56:31,2058.00,2,B
13:56:31,2058.10,1,B
13:56:31,2058.10,1,B
13:56:31,2058.10,2,B
13:56:31,2058.10,3,B
13:56:31,2058.10,15,B
13:56:31,2058.10,1,B
13:56:31,2058.10,1,B
13:56:31,2058.20,3,B
13:56:31,2058.20,4,B
13:56:31,2058.20,1,B
13:56:31,2058.20,1,B
13:56:31,2058.20,1,B
13:56:31,2058.20,10,B
13:56:31,2058.30,2,B
13:56:31,2058.40,1,B
13:56:31,2058.40,1,B
13:56:30,2058.80,1,M
13:56:30,2058.20,18,M
13:56:30,2058.20,3,B
13:56:30,2058.20,1,B
13:56:30,2058.20,5,B
13:56:30,2058.20,2,B
13:56:30,2058.30,1,B
13:56:30,2058.30,1,B
13:56:30,2058.40,4,B
13:56:30,2058.50,1,B
13:56:30,2058.50,14,B
13:56:30,2058.50,6,B
13:56:30,2058.50,1,B
13:56:30,2058.50,13,B
13:56:30,2058.60,5,B
13:56:30,2058.60,1,B
13:56:30,2058.60,11,B
13:56:30,2058.70,1,B
13:56:30,2058.70,10,B
13:56:30,2058.80,2,B
13:56:30,2059.00,1,M
13:56:30,2058.80,1,B
13:56:29,2059.00,2,M
13:56:29,2059.00,1,M
13:56:29,2059.00,1,M
13:56:29,2059.00,7,M
13:56:29,2059.00,1,M
13:56:29,2058.80,1,B
13:56:29,2059.00,1,M
13:56:29,2059.00,1,M
13:56:28,2059.00,20,M
13:56:28,2058.90,2,M
13:56:28,2058.90,1,M
13:56:28,2058.90,1,M
13:56:28,2058.90,1,M
13:56:28,2058.90,3,M
13:56:28,2058.90,1,M
13:56:28,2058.90,1,M
13:56:28,2058.90,5,M
13:56:28,2058.90,2,M
13:56:28,2058.90,7,M
13:56:28,2058.80,1,M
13:56:27,2058.90,8,M
13:56:27,2058.90,1,M
13:56:27,2058.80,1,M
13:56:27,2058.70,1,B
13:56:27,2058.90,2,M
13:56:27,2058.90,1,M
13:56:27,2058.80,1,B
13:56:27,2058.90,1,M
13:56:26,2058.90,1,M
13:56:26,2058.90,9,M
13:56:26,2058.80,1,M
13:56:26,2058.70,3,B
13:56:26,2058.80,2,M
13:56:26,2058.60,1,B
13:56:26,2058.80,1,M
13:56:26,2058.60,1,B
13:56:25,2058.60,2,B
13:56:25,2058.80,2,M
13:56:25,2058.80,16,M
13:56:25,2058.70,1,M
13:56:25,2058.80,2,M
13:56:25,2058.60,1,B
13:56:25,2058.60,2,B
13:56:25,2058.60,1,B
13:56:24,2058.60,1,M
13:56:24,2058.60,2,M
13:56:24,2058.50,5,B
13:56:24,2058.80,3,M
13:56:23,2058.50,1,M
13:56:23,2058.40,1,M
13:56:23,2058.40,1,M
13:56:23,2058.40,1,B
13:56:22,2058.40,1,B
13:56:22,2058.70,1,M
13:56:22,2058.70,1,M
13:56:22,2058.60,1,M
13:56:22,2058.50,1,M
13:56:22,2058.40,1,M
13:56:21,2058.50,1,M
13:56:21,2058.30,1,B
13:56:21,2058.40,1,B
13:56:21,2058.40,1,M
13:56:20,2058.40,1,M
13:56:20,2058.40,1,B
13:56:20,2058.80,9,M
13:56:20,2058.80,1,M
13:56:20,2058.80,1,M
13:56:19,2058.60,1,M
13:56:19,2058.40,1,B
13:56:19,2058.70,1,M
13:56:19,2058.70,7,M
13:56:19,2058.60,4,M
13:56:18,2058.60,1,B
13:56:17,2058.70,1,M
13:56:17,2058.60,1,B
13:56:17,2058.60,1,B
13:56:17,2058.60,1,B
13:56:17,2058.60,1,M
13:56:17,2058.60,1,M
13:56:16,2058.60,2,B
13:56:16,2058.10,5,B
13:56:16,2058.10,1,B
13:56:16,2058.10,1,B
13:56:16,2058.30,1,B
13:56:16,2058.30,2,B
13:56:16,2058.40,1,B
13:56:16,2058.50,2,B
13:56:16,2058.50,2,B
13:56:16,2058.70,3,M
13:56:16,2058.70,9,M
13:56:16,2058.70,11,M
13:56:16,2058.70,1,M
13:56:16,2058.60,10,M
13:56:16,2058.60,1,M
13:56:16,2058.40,1,B
13:56:16,2058.40,1,B
13:56:16,2058.40,2,B
13:56:16,2058.50,2,M
13:56:15,2058.60,5,M
13:56:15,2058.60,1,M
13:56:15,2058.50,1,M
13:56:15,2058.60,2,M
13:56:15,2058.50,2,M
13:56:14,2058.60,1,M
13:56:14,2058.60,1,M
13:56:14,2058.60,1,B
13:56:14,2058.60,1,B
13:56:14,2058.60,1,B
13:56:14,2058.60,1,B
13:56:14,2058.60,3,M
13:56:14,2058.50,3,B
13:56:14,2058.60,6,M
13:56:14,2058.60,1,M
13:56:14,2058.60,1,M
13:56:13,2058.60,5,M
13:56:13,2058.60,1,M
13:56:13,2058.60,2,M
13:56:13,2058.60,1,M
13:56:13,2058.50,2,B
13:56:13,2058.60,3,M
13:56:13,2058.50,1,B
13:56:13,2058.60,10,M
13:56:12,2058.60,3,M
13:56:12,2058.60,2,M
13:56:12,2058.60,2,M
13:56:12,2058.60,1,M
13:56:12,2058.60,1,M
13:56:12,2058.60,1,M
13:56:11,2058.60,1,M
13:56:11,2058.60,1,M
13:56:11,2058.10,1,B
13:56:11,2058.20,2,B
13:56:11,2058.70,2,M
13:56:11,2058.60,2,M
13:56:11,2058.60,2,M
13:56:11,2058.60,2,M
13:56:11,2058.70,1,M
13:56:11,2058.10,6,B
13:56:11,2058.10,1,B
13:56:11,2058.20,1,B
13:56:11,2058.50,1,B
13:56:11,2058.50,1,B
13:56:11,2058.50,1,B
13:56:11,2058.70,2,M
13:56:11,2058.70,1,M
13:56:11,2058.70,1,M
13:56:11,2058.60,1,M
13:56:11,2058.60,1,M
13:56:11,2058.60,1,M
13:56:11,2058.60,3,M
13:56:11,2058.60,4,M
13:56:11,2058.60,1,M
13:56:11,2058.50,1,M
13:56:11,2058.40,1,M
13:56:11,2058.40,1,M
13:56:11,2058.00,1,B
13:56:11,2058.00,5,B
13:56:11,2058.00,1,B
13:56:11,2058.00,1,B
13:56:11,2058.10,1,B
13:56:11,2058.10,11,B
13:56:11,2058.20,4,B
13:56:11,2058.30,5,B
13:56:11,2058.40,1,B
13:56:10,2058.70,1,M
13:56:10,2058.70,8,M
13:56:10,2058.60,1,M
13:56:10,2058.60,1,M
13:56:10,2058.40,1,B
13:56:10,2058.20,1,B
13:56:10,2058.30,2,B
13:56:10,2058.60,2,B
13:56:10,2058.60,1,B
13:56:10,2058.60,2,B
13:56:10,2058.60,1,B
13:56:10,2058.70,10,B
13:56:10,2058.80,1,B
13:56:10,2059.00,1,M
13:56:10,2059.00,1,M
13:56:10,2059.00,1,M
13:56:10,2058.90,1,M
13:56:10,2058.70,1,B
13:56:10,2058.90,1,M
13:56:10,2058.80,1,M
13:56:10,2058.80,1,M
13:56:10,2058.80,2,M
13:56:10,2058.80,2,M
13:56:10,2058.80,1,M
13:56:09,2058.70,1,B
13:56:09,2058.70,2,M
13:56:09,2058.70,1,M
13:56:09,2058.60,1,M
13:56:09,2058.20,1,B
13:56:09,2058.20,1,B
13:56:09,2058.30,1,B
13:56:09,2058.50,1,B
13:56:09,2058.60,2,B
13:56:09,2058.70,1,M
13:56:09,2058.70,2,M
13:56:08,2058.70,1,M
13:56:08,2058.70,1,M
13:56:08,2058.60,1,B
13:56:08,2058.60,1,M
13:56:08,2058.50,2,M
13:56:08,2058.50,1,M
13:56:08,2058.50,1,M
13:56:08,2058.50,1,M
13:56:08,2058.50,1,M
13:56:08,2058.20,1,M
13:56:08,2058.20,4,M
13:56:08,2058.10,1,B
13:56:08,2058.20,1,M
13:56:07,2058.10,14,B
13:56:07,2058.00,1,B
13:56:07,2058.10,1,B
13:56:07,2058.10,1,M
13:56:07,2058.10,1,M
13:56:07,2058.00,1,M
13:56:07,2058.00,1,M
13:56:07,2058.00,1,M
13:56:07,2058.00,2,M
13:56:07,2058.00,5,M
13:56:07,2057.90,1,M
13:56:07,2057.90,1,M
13:56:07,2057.90,1,M
13:56:07,2057.60,2,M
13:56:06,2058.00,1,M
13:56:06,2057.40,1,B
13:56:06,2057.80,1,B
13:56:06,2058.00,17,M
13:56:06,2057.90,1,M
13:56:06,2057.90,1,M
13:56:06,2057.80,3,M
13:56:06,2057.60,1,M
13:56:06,2057.50,1,B
13:56:06,2057.80,1,M
13:56:06,2057.60,1,M
13:56:06,2057.60,1,B
13:56:06,2058.00,7,M
13:56:06,2058.00,5,M
13:56:06,2058.00,1,M
13:56:06,2057.90,1,M
13:56:06,2057.80,1,M
13:56:06,2057.80,3,M
13:56:06,2057.60,1,M
13:56:05,2057.60,1,M
13:56:05,2057.80,1,M
13:56:05,2057.60,1,M
13:56:05,2057.60,1,M
13:56:05,2057.60,1,B
13:56:05,2057.80,1,M
13:56:05,2057.80,2,M
13:56:05,2057.60,1,B
13:56:05,2057.80,1,M
13:56:04,2057.70,30,M
13:56:04,2057.80,1,M
13:56:04,2057.80,1,M
13:56:04,2057.80,1,M
13:56:03,2057.60,1,M
13:56:03,2057.50,1,B
13:56:03,2057.60,1,M
13:56:03,2057.60,2,M
13:56:03,2057.60,1,M
13:56:03,2057.50,6,M
13:56:03,2057.50,1,M
13:56:03,2057.40,1,B
13:56:03,2057.40,1,B
13:56:03,2057.40,1,B
13:56:03,2057.40,4,B
13:56:03,2057.40,1,B
13:56:03,2057.50,2,B
13:56:02,2057.80,1,M
13:56:02,2057.30,1,B
13:56:02,2057.90,1,M
13:56:02,2057.90,1,M
13:56:02,2057.90,2,M
13:56:02,2058.00,1,M
13:56:02,2057.90,2,M
13:56:02,2057.80,2,M
13:56:02,2057.70,1,M
13:56:02,2057.70,1,M
13:56:02,2057.70,1,M
13:56:02,2057.70,1,M
13:56:02,2057.70,1,M
13:56:02,2057.70,1,M
13:56:02,2057.60,1,M
13:56:02,2057.60,1,M
13:56:02,2057.50,1,M
13:56:02,2057.30,1,B
13:56:02,2057.10,1,B
13:56:02,2057.10,1,B
13:56:02,2057.90,5,M
13:56:02,2057.90,1,M
13:56:02,2057.90,1,M
13:56:02,2057.90,1,M
13:56:02,2057.80,3,M
13:56:02,2057.80,12,M
13:56:02,2057.80,1,M
13:56:02,2057.80,1,M
13:56:02,2057.70,1,M
13:56:02,2057.70,1,M
13:56:02,2057.70,2,M
13:56:02,2057.60,1,M
13:56:02,2057.60,1,M
13:56:02,2057.60,1,M
13:56:02,2057.60,1,M
13:56:02,2057.50,1,M
13:56:02,2057.40,1,M
13:56:02,2057.30,1,M
13:56:02,2057.30,4,M
13:56:02,2057.10,1,B
13:56:02,2057.10,1,B
13:56:01,2057.10,1,B
13:56:01,2057.30,1,B
13:56:01,2057.30,2,B
13:56:01,2057.30,1,B
13:56:01,2057.40,1,B
13:56:01,2057.50,1,B
13:56:01,2057.50,1,B
13:56:01,2057.40,1,B
13:56:01,2057.70,1,M
13:56:01,2057.70,1,M
13:56:01,2057.70,1,M
13:56:01,2057.70,1,M
13:56:01,2057.60,1,M
13:56:01,2057.40,8,M
13:56:00,2057.40,1,M
13:56:00,2057.40,1,M
13:56:00,2057.70,1,M
13:56:00,2057.30,1,M
13:56:00,2057.30,1,M
13:56:00,2057.30,2,M
13:56:00,2057.30,2,M
13:56:00,2057.30,1,M
13:56:00,2057.30,1,M
13:56:00,2057.30,1,M
13:55:59,2057.30,1,B
13:55:59,2057.30,1,B
13:55:59,2057.30,1,B
13:55:59,2057.30,1,B
13:55:59,2057.40,1,B
13:55:59,2057.70,1,M
13:55:59,2057.70,1,M
13:55:59,2057.70,1,M
13:55:59,2057.70,1,M
13:55:59,2057.40,14,M
13:55:59,2057.40,1,M
13:55:59,2057.30,1,B
13:55:58,2057.40,2,M
13:55:58,2057.30,1,B
13:55:58,2057.50,1,B
13:55:58,2057.50,8,B
13:55:58,2057.60,13,M
13:55:58,2057.60,1,M
13:55:58,2057.50,1,B
13:55:58,2057.60,5,M
13:55:57,2057.60,1,M
13:55:57,2057.50,1,M
13:55:57,2057.40,1,M
13:55:57,2057.40,1,M
13:55:57,2057.40,5,M
13:55:57,2057.40,1,M
13:55:56,2057.40,2,M
13:55:56,2057.70,1,M
13:55:56,2057.50,1,B
13:55:56,2057.70,6,M
13:55:56,2057.60,8,M
13:55:56,2057.60,1,M
13:55:56,2057.60,4,M
13:55:56,2057.60,1,M
13:55:56,2057.60,1,B
13:55:56,2057.60,4,B
13:55:56,2057.70,1,M
13:55:56,2057.70,6,M
13:55:56,2057.50,2,B
13:55:56,2057.70,1,M
13:55:56,2057.60,4,M
13:55:55,2057.50,1,M
13:55:55,2057.00,1,B
13:55:55,2057.60,1,M
13:55:55,2057.60,1,M
13:55:55,2057.50,1,M
13:55:55,2057.50,2,M
13:55:55,2057.50,1,M
13:55:55,2057.00,1,B
13:55:55,2057.10,1,B
13:55:55,2057.10,1,B
13:55:55,2057.10,1,B
13:55:55,2057.40,1,B
13:55:55,2057.50,1,M
13:55:55,2057.40,1,M
13:55:55,2057.20,1,B
13:55:55,2057.30,1,B
13:55:55,2057.30,1,B
13:55:55,2057.40,1,M
13:55:55,2057.40,1,M
13:55:54,2057.40,1,M
13:55:54,2057.40,1,M
13:55:54,2057.40,1,M
13:55:54,2057.30,1,B
13:55:54,2057.30,1,M
13:55:54,2057.30,1,M
13:55:54,2057.20,1,M
13:55:54,2057.10,1,M
13:55:54,2057.00,1,M
13:55:54,2057.00,1,M
13:55:54,2057.00,1,M
13:55:54,2057.00,1,M
13:55:54,2057.00,2,M
13:55:54,2057.00,1,M
13:55:54,2057.00,2,M
13:55:54,2057.00,1,M
13:55:53,2057.00,1,M
13:55:53,2056.80,2,B
13:55:53,2056.90,4,M
13:55:53,2056.90,1,M
13:55:52,2056.80,3,M
13:55:52,2056.80,1,M
13:55:52,2056.80,1,B
13:55:52,2056.80,1,M
13:55:52,2056.80,1,M
13:55:52,2056.80,6,M
13:55:51,2056.80,1,M
13:55:51,2056.80,1,M
13:55:51,2056.80,2,M
13:55:51,2056.70,1,M
13:55:51,2056.70,1,M
13:55:51,2056.70,1,M
13:55:51,2056.70,1,M
13:55:51,2056.70,1,M
13:55:51,2056.40,1,B
13:55:51,2056.80,1,B
13:55:51,2056.90,2,M
13:55:51,2056.80,1,M
13:55:51,2056.00,1,B
13:55:51,2056.00,1,B
13:55:51,2056.20,1,B
13:55:51,2056.20,3,B
13:55:51,2056.30,1,B
13:55:51,2056.30,3,B
13:55:51,2056.30,2,B
13:55:51,2056.30,1,B
13:55:51,2056.40,1,B
13:55:51,2056.40,1,B
13:55:51,2056.40,1,B
13:55:51,2056.40,1,B
13:55:51,2056.40,1,B
13:55:51,2056.70,1,B
13:55:50,2056.90,1,M
13:55:50,2056.80,1,M
13:55:50,2056.80,2,M
13:55:50,2056.70,1,M
13:55:50,2056.70,1,M
13:55:50,2056.30,1,B
13:55:50,2056.40,1,B
13:55:50,2056.40,1,B
13:55:50,2056.80,2,B
13:55:49,2056.80,1,B
13:55:49,2056.80,1,B
13:55:49,2056.90,1,M
13:55:49,2056.90,3,M
13:55:49,2056.90,1,M
13:55:49,2056.90,2,M
13:55:49,2056.90,1,M
13:55:49,2056.90,1,M
13:55:49,2056.90,1,M
13:55:49,2056.90,1,M
13:55:49,2056.80,11,M
13:55:49,2056.80,2,M
13:55:49,2056.80,8,M
13:55:49,2056.60,4,M
13:55:49,2056.50,1,M
13:55:49,2056.40,1,M
13:55:49,2056.50,1,M
13:55:49,2056.50,12,M
13:55:49,2056.40,1,M
13:55:49,2056.30,1,M
13:55:48,2056.00,1,B
13:55:48,2056.40,1,M
13:55:48,2056.40,1,B
13:55:48,2056.40,1,B
13:55:48,2056.00,1,B
13:55:48,2056.10,6,B
13:55:48,2056.30,3,B
13:55:47,2056.40,1,M
13:55:47,2056.30,2,B
13:55:47,2056.30,4,M
13:55:47,2056.30,6,M
13:55:47,2056.00,4,B
13:55:47,2056.00,5,B
13:55:47,2056.00,25,B
13:55:47,2056.00,5,B
13:55:47,2056.10,11,B
13:55:47,2056.30,1,M
13:55:46,2056.30,1,M
13:55:46,2056.30,1,M
13:55:46,2056.20,1,M
13:55:46,2056.20,1,M
13:55:46,2056.10,1,B
13:55:46,2055.90,1,B
13:55:45,2055.60,4,B
13:55:45,2055.70,14,B
13:55:45,2055.80,25,B
13:55:45,2055.80,1,B
13:55:45,2055.80,1,B
13:55:45,2055.90,4,B
13:55:45,2056.00,1,B
13:55:45,2056.00,1,B
13:55:45,2055.90,3,M
13:55:45,2055.90,1,M
13:55:45,2055.90,4,B
13:55:45,2055.90,1,B
13:55:45,2055.90,1,B
13:55:45,2055.90,1,B
13:55:45,2056.00,1,B
13:55:45,2056.00,1,B
13:55:45,2056.00,1,B
13:55:45,2056.10,1,B
13:55:45,2056.20,1,B
13:55:45,2056.40,1,M
13:55:44,2056.30,1,M
13:55:44,2056.30,1,M
13:55:44,2056.30,1,M
13:55:44,2056.30,1,M
13:55:44,2056.80,1,M
13:55:44,2056.80,5,M
13:55:44,2056.80,1,M
13:55:44,2056.80,1,M
13:55:44,2056.70,1,M
13:55:44,2056.60,4,M
13:55:44,2056.60,4,M
13:55:44,2056.60,1,M
13:55:44,2056.50,1,M
13:55:44,2056.40,1,M
13:55:44,2055.50,18,B
13:55:44,2055.60,1,B
13:55:44,2055.60,2,B
13:55:44,2055.70,2,B
13:55:44,2055.70,2,B
13:55:44,2055.80,1,B
13:55:44,2055.80,1,B
13:55:44,2055.80,5,B
13:55:44,2055.80,2,B
13:55:44,2055.80,14,B
13:55:44,2056.00,2,B
13:55:44,2056.00,244,M
13:55:44,2056.00,1,M
13:55:44,2055.90,1,M
13:55:44,2055.90,1,M
13:55:44,2055.90,1,B
13:55:44,2055.90,1,B
13:55:44,2055.90,1,B
13:55:44,2056.00,1,M
13:55:44,2056.00,1,B
13:55:44,2056.00,31,B
13:55:44,2056.00,1,B
13:55:44,2056.00,2,B
13:55:44,2056.00,8,B
13:55:44,2056.10,4,B
13:55:44,2056.10,1,B
13:55:44,2056.20,1,B
13:55:44,2056.20,1,B
13:55:44,2056.30,4,B
13:55:43,2056.60,1,M
13:55:43,2056.60,4,M
13:55:43,2056.60,4,M
13:55:43,2056.60,6,M
13:55:43,2056.60,2,M
13:55:43,2056.60,1,M
13:55:43,2056.50,1,M
13:55:43,2056.50,1,M
13:55:43,2056.50,1,M
13:55:43,2056.40,1,M
13:55:43,2056.20,2,B
13:55:43,2056.40,1,M
13:55:43,2056.60,1,M
13:55:43,2055.90,1,B
13:55:43,2056.00,2,B
13:55:43,2056.00,1,B
13:55:43,2056.00,3,B
13:55:43,2056.00,9,B
13:55:43,2056.00,1,B
13:55:43,2056.00,1,B
13:55:43,2056.00,30,B
13:55:43,2056.00,1,B
13:55:43,2056.10,1,B
13:55:43,2056.10,1,B
13:55:43,2056.10,4,B
13:55:43,2056.10,2,B
13:55:43,2056.10,1,B
13:55:43,2056.10,5,B
13:55:43,2056.20,1,B
13:55:43,2056.20,1,B
13:55:43,2056.30,1,B
13:55:42,2056.80,2,M
13:55:42,2056.80,2,M
13:55:42,2056.70,1,M
13:55:42,2056.70,7,M
13:55:42,2056.60,4,M
13:55:42,2056.20,1,B
13:55:42,2056.10,1,B
13:55:42,2056.20,5,B
13:55:42,2056.20,1,B
13:55:42,2056.30,1,B
13:55:42,2056.30,2,B
13:55:42,2056.40,1,B
13:55:42,2056.40,5,B
13:55:42,2056.60,1,M
13:55:42,2056.40,1,B
13:55:42,2056.60,1,M
13:55:41,2056.40,1,M
13:55:41,2056.30,2,M
13:55:41,2056.20,10,M
13:55:41,2056.20,1,M
13:55:41,2056.20,1,M
13:55:41,2056.20,1,M
13:55:40,2056.20,1,M
13:55:40,2056.20,5,M
13:55:40,2056.70,6,M
13:55:40,2056.60,2,M
13:55:40,2056.60,1,M
13:55:40,2056.60,1,M
13:55:40,2056.60,2,M
13:55:40,2056.60,1,M
13:55:40,2056.50,9,M
13:55:40,2056.10,1,B
13:55:40,2056.20,1,B
13:55:40,2056.20,1,B
13:55:40,2056.40,1,M
13:55:40,2056.40,14,M
13:55:40,2056.40,5,M
13:55:40,2056.40,9,M
13:55:40,2056.40,1,M
13:55:40,2056.40,1,M
13:55:40,2056.40,6,M
13:55:39,2056.40,2,M
13:55:39,2056.40,1,M
13:55:39,2056.40,4,M
13:55:39,2056.40,1,M
13:55:39,2056.20,2,B
13:55:39,2056.20,1,B
13:55:39,2056.30,1,B
13:55:39,2056.30,3,B
13:55:39,2056.30,1,B
13:55:39,2056.30,7,B
13:55:39,2056.50,1,M
13:55:38,2056.50,1,M
13:55:38,2056.40,9,M
13:55:38,2056.40,1,M
13:55:38,2056.40,1,M
13:55:38,2056.40,1,M
13:55:38,2056.50,3,M
13:55:38,2056.50,1,M
13:55:38,2056.50,1,M
13:55:38,2056.50,1,M
13:55:37,2056.50,1,M
13:55:37,2056.50,1,M
13:55:37,2056.40,1,M
13:55:37,2056.30,1,B
13:55:37,2056.40,1,B
13:55:37,2056.40,7,M
13:55:37,2056.40,1,M
13:55:37,2056.40,2,M
13:55:37,2056.40,2,M
13:55:37,2056.40,8,M
13:55:36,2056.50,1,B
13:55:36,2056.60,1,M
13:55:36,2056.40,1,B
13:55:36,2056.70,6,M
13:55:36,2056.70,1,M
13:55:36,2056.70,2,M
13:55:36,2056.60,1,M
13:55:36,2056.50,1,M
13:55:36,2056.40,2,M
13:55:36,2056.40,1,M
13:55:36,2056.00,1,B
13:55:36,2056.00,5,B
13:55:36,2056.40,1,M
13:55:35,2056.40,1,M
13:55:35,2056.30,5,M
13:55:35,2055.90,4,B
13:55:35,2056.00,1,B
13:55:35,2056.30,1,M
13:55:35,2056.30,1,M
13:55:35,2056.30,1,M
13:55:35,2056.30,1,M
13:55:35,2056.10,1,M
13:55:35,2056.00,1,M
13:55:34,2055.90,1,B
13:55:34,2056.00,1,M
13:55:34,2056.00,1,M
13:55:34,2056.00,1,M
13:55:34,2056.00,300,M
13:55:34,2056.00,3,M
13:55:34,2056.00,2,M
13:55:34,2056.00,1,M
13:55:34,2056.00,1,M
13:55:34,2056.00,3,M
13:55:34,2056.00,5,M
13:55:34,2056.00,7,M
13:55:34,2055.90,1,M
13:55:34,2055.70,1,B
13:55:34,2055.80,1,B
13:55:34,2055.80,1,B
13:55:34,2056.00,2,M
13:55:34,2056.00,1,M
13:55:34,2055.90,3,B
13:55:34,2056.00,2,M
13:55:34,2056.00,1,M
13:55:34,2056.00,1,M
13:55:34,2056.00,1,M
13:55:34,2056.00,2,M
13:55:34,2056.00,1,M
13:55:34,2056.00,10,M
13:55:34,2056.00,4,M
13:55:34,2056.00,4,M
13:55:34,2056.00,1,M
13:55:34,2056.00,1,M
13:55:34,2056.00,1,M
13:55:34,2056.00,1,M
13:55:34,2056.00,1,M
13:55:34,2056.00,3,M
13:55:34,2056.00,1,M
13:55:34,2056.00,1,M
13:55:34,2056.00,9,M
13:55:34,2056.00,1,M
13:55:34,2056.00,1,M
13:55:34,2056.00,2,M
13:55:34,2055.90,2,M
13:55:33,2055.90,1,M
13:55:33,2055.90,1,M
13:55:33,2055.90,2,M
13:55:33,2055.90,1,M
13:55:33,2055.50,1,B
13:55:33,2055.50,13,B
13:55:33,2055.50,1,B
13:55:33,2055.60,2,B
13:55:33,2055.90,13,M
13:55:33,2055.90,1,M
13:55:33,2055.90,1,M
13:55:33,2055.90,16,M
13:55:33,2055.90,8,M
13:55:33,2055.90,2,M
13:55:33,2055.80,12,M
13:55:33,2055.80,1,M
13:55:33,2055.80,5,M
13:55:33,2055.70,4,M
13:55:33,2055.70,3,M
13:55:33,2055.60,1,B
13:55:33,2055.60,1,B
13:55:32,2055.60,14,M
13:55:32,2055.60,1,M
13:55:32,2055.60,1,M
13:55:32,2055.50,3,B
13:55:32,2055.50,1,M
13:55:32,2055.40,1,B
13:55:32,2055.50,2,M
13:55:32,2055.40,1,M
13:55:32,2055.40,2,M
13:55:32,2055.40,1,B
13:55:32,2055.40,1,B
13:55:32,2055.50,1,M
13:55:31,2055.50,1,B
13:55:31,2055.60,1,M
13:55:31,2055.60,1,M
13:55:31,2055.50,1,M
13:55:31,2055.10,4,B
13:55:31,2055.10,1,B
13:55:31,2055.10,1,B
13:55:31,2055.10,1,B
13:55:31,2055.20,1,B
13:55:31,2055.20,1,B
13:55:31,2055.30,14,B
13:55:31,2055.20,1,B
13:55:30,2055.20,3,M
13:55:30,2055.20,1,M
13:55:30,2055.10,1,B
13:55:30,2055.40,1,B
13:55:30,2055.00,2,B
13:55:30,2055.00,1,B
13:55:30,2055.00,5,B
13:55:30,2055.10,1,B
13:55:30,2055.10,3,B
13:55:30,2055.20,1,B
13:55:30,2055.30,1,B
13:55:30,2055.40,2,B
13:55:30,2055.70,1,M
13:55:30,2055.70,10,M
13:55:30,2055.70,1,M
13:55:30,2055.60,1,M
13:55:30,2055.60,2,M
13:55:30,2055.60,2,M
13:55:30,2055.60,1,M
13:55:30,2055.60,20,M
13:55:30,2055.50,1,M
13:55:30,2055.50,1,M
13:55:30,2055.50,9,M
13:55:30,2055.40,2,M
13:55:30,2055.20,1,B
13:55:29,2055.30,1,B
13:55:29,2055.50,5,M
13:55:29,2055.10,1,B
13:55:29,2055.10,1,B
13:55:29,2055.50,1,M
13:55:29,2055.50,4,M
13:55:29,2055.50,1,M
13:55:29,2055.20,1,B
13:55:29,2055.50,1,M
13:55:29,2055.10,1,B
13:55:29,2055.50,1,M
13:55:29,2055.10,2,B
13:55:29,2055.50,1,M
13:55:28,2055.10,3,M
13:55:28,2055.10,1,M
13:55:28,2055.00,2,B
13:55:28,2055.00,1,B
13:55:28,2055.10,1,B
13:55:28,2055.20,1,B
13:55:28,2055.50,1,M
13:55:28,2055.10,1,B
13:55:28,2055.10,2,B
13:55:28,2055.10,1,B
13:55:28,2055.20,2,B
13:55:28,2055.20,2,B
13:55:28,2055.40,1,B
13:55:28,2055.40,11,M
13:55:28,2055.20,1,B
13:55:28,2055.40,1,M
13:55:28,2055.20,5,B
13:55:28,2055.20,1,B
13:55:27,2055.20,1,B
13:55:27,2055.20,3,B
13:55:27,2055.30,1,B
13:55:27,2055.40,1,M
13:55:27,2055.20,1,B
13:55:27,2055.20,1,B
13:55:27,2055.20,1,B
13:55:27,2055.20,3,B
13:55:27,2055.10,1,B
13:55:27,2055.30,1,M
13:55:27,2055.30,1,M
13:55:27,2055.00,1,B
13:55:27,2055.40,1,M
13:55:27,2055.30,1,M
13:55:27,2055.30,1,M
13:55:27,2055.30,1,M
13:55:26,2055.10,1,M
13:55:26,2054.80,1,B
13:55:26,2054.80,7,B
13:55:26,2055.00,1,B
13:55:26,2054.90,2,B
13:55:26,2054.90,1,B
13:55:26,2055.00,1,B
13:55:26,2054.80,1,B
13:55:26,2055.00,76,M
13:55:26,2054.90,1,M
13:55:26,2055.00,1,B
13:55:26,2055.00,1,B
13:55:26,2055.00,2,B
13:55:26,2055.00,1,B
13:55:26,2055.00,1,B
13:55:26,2055.00,17,B
13:55:26,2055.20,1,B
13:55:26,2055.50,1,M
13:55:26,2055.00,9,B
13:55:26,2055.10,1,B
13:55:26,2055.40,1,M
13:55:26,2055.20,2,B
13:55:26,2055.20,1,B
13:55:26,2055.40,1,M
13:55:26,2055.30,1,M
13:55:26,2055.20,3,M
13:55:25,2055.10,1,B
13:55:25,2055.10,3,B
13:55:25,2055.20,1,M
13:55:25,2055.20,1,M
13:55:25,2055.10,1,M
13:55:25,2055.10,1,M
13:55:25,2055.10,1,M
13:55:25,2055.10,1,M
13:55:25,2055.10,1,M
13:55:25,2054.80,1,B
13:55:25,2055.00,1,B
13:55:25,2054.80,2,B
13:55:25,2055.10,1,M
13:55:25,2054.80,1,B
13:55:25,2054.80,1,B
13:55:25,2055.20,1,M
13:55:25,2054.80,1,B
13:55:25,2054.80,1,B
13:55:25,2054.80,1,B
13:55:25,2055.00,2,B
13:55:25,2055.00,2,B
13:55:25,2055.00,3,B
13:55:25,2055.10,2,B
13:55:25,2055.00,1,B
13:55:24,2055.60,13,M
13:55:24,2055.50,2,M
13:55:24,2055.50,2,M
13:55:24,2055.40,1,M
13:55:24,2055.40,1,M
13:55:24,2055.40,1,M
13:55:24,2055.30,4,M
13:55:24,2055.30,1,M
13:55:24,2055.30,1,M
13:55:24,2055.30,4,M
13:55:24,2055.20,1,M
13:55:24,2055.20,2,M
13:55:24,2054.80,1,B
13:55:24,2054.80,1,B
13:55:24,2054.90,1,B
13:55:24,2055.00,2,M
13:55:24,2054.90,1,B
13:55:24,2054.90,1,B
13:55:24,2055.60,2,M
13:55:24,2055.60,2,M
13:55:24,2055.60,2,M
13:55:24,2055.60,1,M
13:55:24,2055.50,1,M
13:55:24,2055.50,6,M
13:55:24,2055.40,1,M
13:55:24,2055.30,10,M
13:55:24,2055.30,1,M
13:55:24,2055.20,1,M
13:55:24,2055.10,3,M
13:55:24,2055.10,2,M
13:55:24,2055.00,1,M
13:55:24,2054.60,1,B
13:55:24,2054.80,1,M
13:55:24,2054.60,1,B
13:55:24,2054.80,1,M
13:55:24,2054.60,1,B
13:55:24,2054.60,1,M
13:55:24,2054.60,1,M
13:55:24,2055.20,1,M
13:55:24,2054.50,1,B
13:55:24,2054.70,1,B
13:55:24,2054.50,22,B
13:55:24,2054.50,3,B
13:55:24,2054.50,1,B
13:55:24,2054.50,1,B
13:55:24,2054.50,1,B
13:55:24,2054.50,5,B
13:55:24,2054.60,1,B
13:55:24,2054.60,1,B
13:55:24,2054.60,1,B
13:55:24,2054.60,3,B
13:55:24,2054.60,1,B
13:55:24,2054.60,1,B
13:55:24,2054.60,1,B
13:55:24,2054.70,1,B
13:55:24,2054.70,3,B
13:55:24,2054.70,1,B
13:55:24,2054.80,1,B
13:55:24,2054.80,1,B
13:55:24,2054.80,1,B
13:55:24,2054.80,50,B
13:55:24,2054.90,1,B
13:55:24,2054.90,30,B
13:55:24,2054.90,2,B
13:55:24,2054.90,1,B
13:55:24,2054.90,50,B
13:55:24,2054.90,10,B
13:55:24,2055.00,2,B
13:55:24,2055.10,1,B
13:55:24,2055.30,3,B
13:55:24,2055.30,1,B
13:55:24,2055.30,1,M
13:55:24,2055.20,2,M
13:55:24,2055.10,1,B
13:55:24,2054.90,1,B
13:55:24,2055.00,1,B
13:55:24,2055.20,1,M
13:55:24,2055.20,1,M
13:55:24,2055.10,1,M
13:55:24,2055.10,1,M
13:55:23,2055.10,1,B
13:55:23,2055.10,1,B
13:55:23,2055.10,1,B
13:55:23,2054.90,1,B
13:55:23,2055.20,1,M
13:55:23,2054.90,1,B
13:55:23,2054.90,3,B
13:55:23,2055.10,1,B
13:55:23,2055.20,1,M
13:55:23,2054.90,4,B
13:55:23,2055.10,1,B
13:55:23,2054.90,1,B
13:55:23,2055.00,1,B
13:55:23,2055.00,6,B
13:55:23,2055.10,1,B
13:55:23,2055.10,1,B
13:55:23,2054.90,3,B
13:55:23,2055.00,2,B
13:55:23,2055.20,1,B
13:55:23,2055.60,1,M
13:55:23,2055.60,2,M
13:55:23,2055.50,1,M
13:55:23,2055.50,2,M
13:55:23,2055.20,2,B
13:55:22,2055.40,3,M
13:55:22,2055.00,1,B
13:55:22,2055.10,2,B
13:55:22,2055.10,1,B
13:55:22,2055.10,1,B
13:55:22,2055.20,1,B
13:55:22,2055.20,1,B
13:55:22,2055.30,2,M
13:55:22,2055.30,8,M
13:55:22,2055.10,1,B
13:55:22,2055.10,1,B
13:55:22,2055.10,1,B
13:55:22,2055.20,1,B
13:55:22,2055.30,2,M
13:55:22,2055.30,1,M
13:55:22,2055.10,1,B
13:55:22,2055.10,2,B
13:55:22,2055.10,2,B
13:55:22,2055.10,1,B
13:55:22,2055.30,1,M
13:55:22,2054.90,5,B
13:55:22,2055.00,1,M
13:55:22,2054.90,2,B
13:55:22,2055.00,1,M
13:55:21,2055.00,1,M
13:55:21,2055.00,1,M
13:55:21,2054.90,1,B
13:55:21,2054.90,1,B
13:55:21,2055.00,1,M
13:55:21,2054.90,6,B
13:55:21,2054.90,11,B
13:55:21,2055.00,2,B
13:55:21,2055.00,1,B
13:55:21,2055.00,5,B
13:55:21,2055.00,1,B
13:55:21,2055.10,1,B
13:55:21,2055.10,1,B
13:55:21,2055.10,1,B
13:55:21,2055.10,18,B
13:55:21,2055.20,1,B
13:55:21,2055.20,1,B
13:55:21,2055.20,1,B
13:55:21,2055.20,1,B
13:55:21,2055.20,1,B
13:55:21,2055.30,1,M
13:55:21,2055.20,2,B
13:55:21,2055.10,2,B
13:55:21,2055.10,24,B
13:55:21,2055.30,1,M
13:55:21,2055.20,1,M
13:55:21,2055.20,2,M
13:55:21,2055.10,1,B
13:55:21,2055.10,1,B
13:55:21,2055.10,1,B
13:55:21,2055.10,10,B
13:55:21,2055.10,2,B
13:55:21,2055.20,5,M
13:55:21,2055.10,1,B
13:55:21,2055.10,1,M
13:55:21,2055.00,1,B
13:55:20,2055.20,3,M
13:55:20,2055.20,1,M
13:55:20,2055.10,1,B
13:55:20,2055.20,2,M
13:55:20,2055.10,1,M
13:55:20,2055.00,1,B
13:55:20,2055.00,1,B
13:55:20,2055.00,1,B
13:55:20,2055.00,1,B
13:55:20,2055.00,2,B
13:55:20,2055.00,1,B
13:55:20,2055.00,3,B
13:55:20,2055.00,3,B
13:55:20,2055.00,3,B
13:55:20,2055.00,1,B
13:55:20,2055.00,2,B
13:55:20,2055.00,2,B
13:55:20,2055.00,1,B
13:55:20,2055.00,1,B
13:55:20,2055.00,1,B
13:55:20,2055.00,1,B
13:55:20,2055.10,2,B
13:55:20,2055.10,2,B
13:55:20,2055.10,1,B
13:55:20,2055.10,1,B
13:55:20,2055.10,1,B
13:55:20,2055.10,1,B
13:55:20,2055.60,1,M
13:55:20,2055.00,9,B
13:55:20,2055.00,1,B
13:55:20,2055.00,1,B
13:55:20,2055.00,1,B
13:55:20,2055.00,5,B
13:55:20,2055.00,5,B
13:55:20,2055.00,8,B
13:55:20,2055.70,7,M
13:55:20,2055.20,3,M
13:55:20,2055.00,9,B
13:55:20,2055.10,1,B
13:55:20,2055.50,6,B
13:55:20,2055.60,2,M
13:55:20,2055.50,6,B
13:55:20,2055.00,22,B
13:55:20,2055.10,8,B
13:55:20,2055.00,4,B
13:55:20,2055.50,9,B
13:55:20,2055.50,2,B
13:55:20,2055.50,1,M
13:55:20,2055.00,2,B
13:55:20,2055.10,1,B
13:55:20,2055.10,2,B
13:55:20,2055.10,4,B
13:55:20,2055.10,4,B
13:55:20,2055.20,2,B
13:55:19,2055.00,5,B
13:55:19,2055.00,1,B
13:55:19,2055.00,1,B
13:55:19,2055.00,2,B
13:55:19,2055.00,1,B
13:55:19,2055.80,2,M
13:55:19,2055.70,1,M
13:55:19,2055.70,2,M
13:55:19,2055.70,2,M
13:55:19,2055.60,2,M
13:55:19,2055.60,1,M
13:55:19,2055.60,1,M
13:55:19,2055.60,1,M
13:55:19,2055.50,4,M
13:55:19,2055.40,1,M
13:55:19,2055.20,2,M
13:55:19,2055.00,1,B
13:55:19,2055.00,1,B
13:55:19,2055.00,13,B
13:55:19,2055.30,5,B
13:55:19,2055.30,7,B
13:55:19,2055.40,2,M
13:55:19,2055.30,2,B
13:55:19,2055.30,3,B
13:55:19,2055.30,2,B
13:55:19,2055.30,1,M
13:55:19,2055.30,1,M
13:55:19,2055.30,12,M
13:55:19,2055.30,19,M
13:55:19,2055.10,1,B
13:55:19,2055.00,3,B
13:55:19,2055.00,25,B
13:55:19,2055.00,1,B
13:55:18,2055.00,1,B
13:55:18,2055.00,2,B
13:55:18,2055.00,3,B
13:55:18,2055.00,2,B
13:55:18,2055.00,1,B
13:55:18,2055.00,1,B
13:55:18,2055.00,1,B
13:55:18,2055.00,1,B
13:55:18,2055.00,1,B
13:55:18,2055.00,2,B
13:55:18,2055.00,1,B
13:55:18,2055.00,1,B
13:55:18,2055.00,2,B
13:55:18,2055.00,1,B
13:55:18,2055.00,2,B
13:55:18,2055.00,3,B
13:55:18,2055.00,3,B
13:55:18,2055.00,1,B
13:55:18,2055.00,1,B
13:55:18,2055.00,1,B
13:55:18,2055.00,3,B
13:55:18,2055.30,1,M
13:55:18,2055.00,6,B
13:55:18,2055.00,2,B
13:55:18,2055.00,1,B
13:55:18,2055.30,8,M
13:55:18,2055.00,2,B
13:55:18,2055.00,19,B
13:55:18,2055.30,2,M
13:55:18,2055.30,2,M
13:55:18,2055.00,1,B
13:55:18,2055.30,2,M
13:55:18,2055.30,2,M
13:55:18,2055.00,4,B
13:55:18,2055.10,1,M
13:55:18,2055.00,5,B
13:55:17,2055.00,1,B
13:55:17,2055.40,1,M
13:55:17,2055.00,1,B
13:55:17,2055.00,4,B
13:55:17,2055.00,1,B
13:55:17,2055.00,1,B
13:55:17,2055.00,18,B
13:55:17,2055.00,4,B
13:55:17,2055.00,2,B
13:55:17,2055.00,2,B
13:55:17,2055.10,3,B
13:55:17,2055.40,2,M
13:55:17,2055.40,2,M
13:55:17,2055.10,3,M
13:55:17,2055.00,2,B
13:55:17,2055.00,1,B
13:55:17,2055.00,3,B
13:55:17,2055.00,1,B
13:55:17,2055.00,1,B
13:55:17,2055.00,1,B
13:55:17,2055.00,15,B
13:55:17,2055.00,1,B
13:55:17,2055.00,9,B
13:55:17,2055.00,1,B
13:55:17,2055.00,1,B
13:55:17,2055.00,3,B
13:55:17,2055.00,9,B
13:55:17,2055.00,1,B
13:55:17,2055.00,1,B
13:55:17,2055.00,4,B
13:55:17,2055.00,1,B
13:55:17,2055.00,1,B
13:55:17,2055.00,1,B
13:55:17,2055.00,2,B
13:55:17,2055.00,1,B
13:55:17,2055.00,1,B
13:55:17,2055.00,1,B
13:55:17,2055.00,1,B
13:55:17,2055.00,2,B
13:55:17,2055.00,5,B
13:55:17,2055.00,1,B
13:55:17,2055.00,1,B
13:55:17,2055.00,1,B
13:55:17,2055.00,2,B
13:55:17,2055.00,18,B
13:55:17,2055.00,1,B
13:55:17,2055.00,46,B
13:55:17,2055.00,4,B
13:55:17,2055.00,1,B
13:55:17,2055.00,1,B
13:55:17,2055.00,4,B
13:55:17,2055.00,1,B
13:55:17,2055.00,12,B
13:55:17,2055.00,2,B
13:55:17,2055.00,1,B
13:55:17,2055.00,1,B
13:55:17,2055.00,9,B
13:55:17,2055.00,1,B
13:55:17,2055.00,5,B
13:55:17,2055.00,1,B
13:55:17,2055.00,1,B
13:55:17,2055.00,2,B
13:55:17,2055.00,6,B
13:55:17,2055.00,3,B
13:55:17,2055.00,12,B
13:55:17,2055.00,1,B
13:55:17,2055.00,5,B
13:55:17,2055.00,7,B
13:55:17,2055.00,2,B
13:55:17,2055.00,14,B
13:55:17,2055.00,3,B
13:55:17,2055.00,2,B
13:55:17,2055.10,1,B
13:55:17,2055.10,1,B
13:55:17,2055.10,1,B
13:55:17,2055.50,1,M
13:55:17,2055.00,5,B
13:55:17,2055.00,2,B
13:55:17,2055.10,2,B
13:55:17,2055.10,1,B
13:55:17,2055.30,1,B
13:55:16,2055.10,1,B
13:55:16,2055.10,2,B
13:55:16,2055.10,2,B
13:55:16,2055.00,1,B
13:55:16,2055.00,1,B
13:55:16,2055.00,5,B
13:55:16,2055.00,1,B
13:55:16,2055.00,1,B
13:55:16,2055.20,1,B
13:55:16,2055.50,1,B
13:55:16,2055.90,1,M
13:55:16,2055.00,4,B
13:55:16,2055.00,4,B
13:55:16,2055.00,1,B
13:55:16,2055.10,5,B
13:55:16,2055.10,1,B
13:55:16,2055.10,10,B
13:55:16,2055.10,1,B
13:55:16,2055.10,1,B
13:55:16,2055.10,1,B
13:55:16,2055.10,1,B
13:55:16,2055.10,1,B
13:55:16,2055.10,1,B
13:55:16,2055.10,1,B
13:55:16,2055.20,1,B
13:55:16,2055.20,1,B
13:55:16,2055.20,1,B
13:55:16,2055.20,1,B
13:55:16,2055.20,1,B
13:55:16,2055.20,1,B
13:55:16,2055.20,20,B
13:55:16,2055.30,1,B
13:55:16,2055.40,2,B
13:55:16,2055.40,2,B
13:55:16,2055.40,1,B
13:55:16,2055.50,30,B
13:55:16,2055.70,6,B
13:55:16,2055.70,3,B
13:55:16,2055.70,1,B
13:55:16,2055.90,3,M
13:55:16,2055.90,1,M
13:55:16,2055.90,1,M
13:55:16,2055.90,1,M
13:55:16,2055.90,5,M
13:55:16,2055.80,1,M
13:55:16,2055.70,2,M
13:55:16,2055.40,1,B
13:55:16,2055.90,4,M
13:55:16,2055.80,2,M
13:55:16,2055.80,1,M
13:55:16,2055.80,2,M
13:55:16,2055.80,1,M
13:55:16,2055.70,2,M
13:55:16,2055.20,5,B
13:55:16,2055.60,1,M
13:55:16,2055.20,1,B
13:55:16,2055.30,2,B
13:55:16,2055.30,1,B
13:55:16,2055.30,1,B
13:55:16,2055.30,26,B
13:55:16,2055.30,1,B
13:55:16,2055.30,1,B
13:55:16,2055.40,2,B
13:55:16,2055.70,1,M
13:55:15,2055.70,1,M
13:55:15,2055.30,1,B
13:55:15,2055.40,2,B
13:55:15,2055.30,1,B
13:55:15,2055.90,1,M
13:55:15,2055.80,1,B
13:55:15,2055.80,2,M
13:55:15,2055.80,1,M
13:55:15,2055.70,1,B
13:55:15,2055.70,1,B
13:55:15,2055.80,1,M
13:55:15,2055.20,2,B
13:55:15,2055.20,1,B
13:55:15,2055.50,10,B
13:55:15,2055.50,4,B
13:55:15,2055.50,4,B
13:55:15,2055.50,1,B
13:55:15,2055.50,2,B
13:55:15,2055.50,2,B
13:55:15,2055.50,3,B
13:55:15,2055.50,1,B
13:55:15,2055.50,2,B
13:55:15,2055.70,1,M
13:55:15,2055.50,1,B
13:55:15,2055.70,1,M
13:55:15,2055.20,12,B
13:55:15,2055.60,1,M
13:55:15,2055.20,3,B
13:55:15,2055.30,3,B
13:55:14,2055.30,2,M
13:55:14,2055.20,5,B
13:55:14,2055.20,1,B
13:55:14,2055.20,1,B
13:55:14,2055.20,1,B
13:55:14,2055.20,1,B
13:55:14,2055.20,1,B
13:55:14,2055.20,1,B
13:55:14,2055.20,1,B
13:55:14,2055.20,1,B
13:55:14,2055.20,2,B
13:55:14,2055.20,1,B
13:55:14,2055.30,2,M
13:55:14,2055.20,1,B
13:55:14,2055.20,1,B
13:55:14,2055.30,1,M
13:55:14,2055.30,3,B
13:55:14,2055.30,1,B
13:55:14,2055.30,2,B
13:55:14,2055.30,4,B
13:55:14,2055.30,10,B
13:55:14,2055.40,1,B
13:55:14,2055.40,1,B
13:55:14,2055.40,3,B
13:55:14,2055.50,1,B
13:55:14,2055.50,8,B
13:55:14,2055.50,1,B
13:55:14,2055.50,1,B
13:55:14,2055.50,1,B
13:55:14,2055.50,1,B
13:55:14,2055.50,2,B
13:55:14,2055.50,1,B
13:55:14,2056.00,1,M
13:55:14,2055.90,1,M
13:55:14,2055.60,2,B
13:55:14,2055.60,1,B
13:55:14,2055.60,1,B
13:55:14,2055.60,5,B
13:55:14,2055.60,1,B
13:55:14,2055.60,14,B
13:55:14,2055.60,6,B
13:55:14,2055.70,9,B
13:55:14,2055.80,1,B
13:55:14,2055.80,1,B
13:55:14,2055.80,2,B
13:55:14,2055.80,1,B
13:55:14,2055.80,1,B
13:55:14,2055.80,1,B
13:55:14,2055.80,3,B
13:55:14,2055.80,2,B
13:55:14,2055.80,1,B
13:55:14,2055.90,1,B
13:55:14,2056.00,1,B
13:55:14,2056.00,1,B
13:55:14,2056.00,1,B
13:55:14,2056.00,1,B
13:55:14,2056.00,1,B
13:55:14,2056.00,4,B
13:55:14,2056.00,1,B
13:55:14,2056.00,2,B
13:55:14,2056.00,1,B
13:55:14,2056.00,1,B
13:55:14,2056.00,1,B
13:55:14,2056.00,4,B
13:55:14,2056.00,20,B
13:55:14,2056.00,26,B
13:55:14,2056.30,1,M
13:55:14,2056.00,5,B
13:55:14,2056.00,29,B
13:55:14,2056.00,1,B
13:55:14,2056.00,6,B
13:55:14,2056.00,1,B
13:55:14,2056.40,1,M
13:55:14,2056.40,1,M
13:55:14,2056.30,2,M
13:55:14,2056.00,1,B
13:55:14,2056.00,2,B
13:55:14,2056.00,1,B
13:55:14,2056.50,1,M
13:55:14,2056.00,9,B
13:55:14,2056.00,1,B
13:55:14,2056.00,1,B
13:55:14,2056.00,1,B
13:55:14,2056.00,1,B
13:55:14,2056.00,1,B
13:55:14,2056.00,2,B
13:55:14,2056.00,1,B
13:55:14,2056.00,1,B
13:55:14,2056.00,1,B
13:55:14,2056.00,2,B
13:55:14,2056.00,1,B
13:55:14,2056.00,1,B
13:55:14,2056.00,1,B
13:55:14,2056.00,5,B
13:55:14,2056.00,1,B
13:55:14,2056.00,1,B
13:55:14,2056.00,1,B
13:55:14,2056.00,1,B
13:55:14,2056.00,1,B
13:55:14,2056.40,1,B
13:55:13,2056.00,1,B
13:55:13,2056.00,1,B
13:55:13,2056.00,5,B
13:55:13,2056.00,1,B
13:55:13,2056.00,4,B
13:55:13,2056.00,1,B
13:55:13,2056.00,11,B
13:55:13,2056.00,1,B
13:55:13,2056.00,1,B
13:55:13,2056.10,1,B
13:55:13,2056.10,1,B
13:55:13,2056.20,1,B
13:55:13,2056.20,1,B
13:55:13,2056.70,3,M
13:55:13,2056.70,1,M
13:55:13,2056.70,2,M
13:55:13,2056.60,2,M
13:55:13,2056.60,1,M
13:55:13,2056.60,2,M
13:55:13,2056.10,4,B
13:55:13,2056.10,1,B
13:55:13,2056.10,1,B
13:55:13,2056.10,2,B
13:55:13,2056.10,1,B
13:55:13,2056.20,1,B
13:55:13,2056.10,1,B
13:55:13,2056.20,2,B
13:55:13,2056.20,1,B
13:55:13,2056.20,1,M
13:55:13,2056.20,1,B
13:55:13,2056.70,2,M
13:55:13,2056.10,3,B
13:55:13,2056.10,2,B
13:55:13,2056.10,30,B
13:55:13,2056.10,3,B
13:55:13,2056.10,1,B
13:55:13,2056.10,1,B
13:55:13,2056.20,1,B
13:55:13,2056.20,1,B
13:55:13,2056.20,3,B
13:55:13,2056.20,1,B
13:55:13,2056.20,4,B
13:55:13,2056.20,7,B
13:55:13,2056.20,5,B
13:55:13,2056.20,1,B
13:55:13,2056.20,1,B
13:55:13,2056.20,30,B
13:55:13,2056.20,1,B
13:55:13,2056.30,2,B
13:55:13,2056.30,1,B
13:55:13,2056.30,2,B
13:55:13,2056.80,1,M
13:55:12,2056.80,1,M
13:55:12,2056.30,1,B
13:55:12,2056.30,2,B
13:55:12,2056.30,1,B
13:55:12,2056.30,15,B
13:55:12,2056.50,1,B
13:55:12,2056.30,2,B
13:55:12,2056.40,1,B
13:55:12,2056.40,1,B
13:55:12,2056.40,1,B
13:55:12,2056.50,1,B
13:55:12,2056.70,1,B
13:55:12,2056.70,3,B
13:55:12,2056.70,1,B
13:55:12,2056.70,3,B
13:55:12,2056.80,1,M
13:55:12,2056.70,2,B
13:55:12,2056.70,1,B
13:55:12,2056.70,1,B
13:55:12,2056.80,1,M
13:55:11,2056.80,1,M
13:55:11,2056.30,3,B
13:55:11,2056.30,1,B
13:55:11,2056.40,4,B
13:55:11,2056.40,4,B
13:55:11,2056.40,1,B
13:55:11,2056.40,2,B
13:55:11,2056.40,2,B
13:55:11,2056.90,1,M
13:55:11,2056.40,1,B
13:55:11,2056.40,2,B
13:55:11,2056.50,2,B
13:55:11,2056.90,1,M
13:55:11,2056.50,2,B
13:55:11,2056.50,1,B
13:55:11,2056.50,2,B
13:55:11,2056.50,1,B
13:55:11,2056.50,2,B
13:55:11,2056.50,1,B
13:55:11,2056.50,1,B
13:55:11,2056.50,1,B
13:55:11,2056.50,1,B
13:55:11,2056.60,1,B
13:55:10,2056.60,1,B
13:55:10,2056.60,3,B
13:55:10,2056.80,1,B
13:55:10,2056.80,1,B
13:55:10,2056.60,4,B
13:55:10,2056.60,1,B
13:55:10,2056.60,1,B
13:55:10,2056.50,1,B
13:55:10,2056.50,1,B
13:55:10,2056.50,3,B
13:55:10,2056.70,1,B
13:55:10,2056.30,3,B
13:55:10,2056.30,3,B
13:55:10,2056.30,1,B
13:55:10,2056.30,1,B
13:55:10,2056.40,1,B
13:55:10,2056.40,2,B
13:55:10,2056.40,1,B
13:55:10,2056.40,2,B
13:55:10,2056.40,1,B
13:55:10,2056.40,1,B
13:55:10,2056.40,3,B
13:55:10,2057.30,1,M
13:55:10,2057.30,26,M
13:55:10,2057.20,2,M
13:55:10,2057.20,1,M
13:55:10,2057.10,1,M
13:55:10,2056.90,11,M
13:55:10,2056.60,8,M
13:55:10,2056.40,47,B
13:55:10,2056.40,1,B
13:55:10,2056.50,1,B
13:55:10,2056.50,1,B
13:55:10,2056.70,2,B
13:55:10,2057.10,1,M
13:55:10,2057.10,1,M
13:55:10,2056.90,11,M
13:55:10,2056.80,1,M
13:55:10,2056.80,3,M
13:55:09,2056.50,2,B
13:55:09,2056.50,1,B
13:55:09,2056.50,1,B
13:55:09,2056.60,1,B
13:55:09,2056.80,1,M
13:55:09,2056.80,1,B
13:55:09,2056.80,1,M
13:55:09,2056.70,1,M
13:55:09,2056.60,1,M
13:55:09,2056.60,1,M
13:55:09,2056.60,1,M
13:55:08,2056.50,1,B
13:55:08,2056.50,1,B
13:55:08,2056.50,1,B
13:55:08,2056.60,2,M
13:55:08,2056.50,1,B
13:55:08,2056.50,1,B
13:55:08,2056.50,1,B
13:55:08,2056.50,1,B
13:55:08,2056.50,1,B
13:55:08,2056.60,4,B
13:55:08,2056.60,1,B
13:55:08,2056.60,1,B
13:55:08,2056.60,1,B
13:55:08,2056.60,1,B
13:55:08,2056.70,1,M
13:55:08,2056.70,1,M
13:55:08,2056.70,2,M
13:55:08,2056.70,1,M
13:55:08,2056.60,1,B
13:55:08,2056.70,1,B
13:55:08,2056.70,1,B
13:55:07,2056.80,1,B
13:55:07,2057.10,1,M
13:55:07,2057.10,1,M
13:55:07,2057.30,1,M
13:55:07,2056.50,2,B
13:55:07,2056.50,1,B
13:55:07,2056.50,1,B
13:55:07,2056.50,1,B
13:55:07,2056.70,4,B
13:55:07,2056.80,1,B
13:55:07,2056.80,3,B
13:55:07,2056.80,5,B
13:55:07,2056.80,1,B
13:55:07,2056.90,1,B
13:55:07,2057.30,1,M
13:55:07,2057.30,1,M
13:55:07,2057.30,1,B
13:55:07,2056.80,1,B
13:55:07,2056.80,1,B
13:55:07,2056.90,2,B
13:55:07,2056.90,1,B
13:55:07,2057.00,1,B
13:55:07,2057.00,1,B
13:55:07,2057.10,1,B
13:55:07,2057.30,1,B
13:55:06,2056.90,1,B
13:55:06,2057.00,1,B
13:55:06,2057.10,2,B
13:55:06,2057.50,1,M
13:55:06,2057.20,1,B
13:55:06,2057.20,1,B
13:55:06,2057.20,1,M
13:55:06,2057.20,1,M
13:55:06,2057.20,1,M
13:55:06,2057.10,1,M
13:55:06,2057.10,1,B
13:55:05,2057.40,8,B
13:55:05,2057.60,1,M
13:55:05,2057.50,1,M
13:55:05,2057.40,1,M
13:55:05,2057.40,1,M
13:55:05,2057.40,4,M
13:55:05,2057.30,1,M
13:55:05,2057.30,1,M
13:55:05,2057.20,1,M
13:55:05,2057.30,1,M
13:55:05,2057.20,1,M
13:55:04,2057.10,1,M
13:55:04,2057.10,1,M
13:55:04,2057.40,1,M
13:55:04,2057.10,1,M
13:55:04,2057.00,1,B
13:55:04,2056.50,2,B
13:55:04,2056.50,1,B
13:55:04,2056.50,1,B
13:55:04,2056.50,1,B
13:55:04,2056.50,5,B
13:55:04,2056.50,1,B
13:55:04,2056.50,1,B
13:55:04,2056.50,6,B
13:55:04,2056.60,1,B
13:55:04,2056.60,3,B
13:55:04,2056.70,2,B
13:55:04,2056.70,1,B
13:55:04,2056.70,12,B
13:55:04,2056.90,1,B
13:55:04,2056.90,1,B
13:55:04,2057.00,1,B
13:55:04,2057.00,1,B
13:55:04,2057.30,1,B
13:55:04,2057.30,2,B
13:55:04,2057.30,1,B
13:55:04,2057.30,1,B
13:55:04,2057.30,1,B
13:55:04,2057.30,1,B
13:55:04,2057.30,2,B
13:55:04,2057.30,2,B
13:55:04,2057.30,1,B
13:55:04,2057.40,2,M
13:55:04,2057.40,1,M
13:55:04,2057.40,2,B
13:55:04,2056.60,2,B
13:55:04,2056.60,10,B
13:55:04,2056.60,14,B
13:55:04,2056.60,2,B
13:55:04,2056.60,1,B
13:55:04,2056.60,1,B
13:55:04,2056.60,1,B
13:55:04,2056.60,10,B
13:55:04,2056.70,20,B
13:55:04,2056.70,1,B
13:55:04,2056.70,1,B
13:55:04,2056.70,5,B
13:55:04,2056.80,1,B
13:55:04,2056.80,1,B
13:55:04,2056.80,9,B
13:55:04,2056.80,1,B
13:55:04,2056.80,7,B
13:55:04,2056.80,1,B
13:55:04,2056.80,1,B
13:55:04,2056.90,1,B
13:55:04,2056.90,1,B
13:55:04,2057.00,12,B
13:55:04,2057.00,1,B
13:55:04,2057.00,1,B
13:55:04,2057.10,1,B
13:55:04,2057.20,2,B
13:55:04,2057.20,1,B
13:55:04,2057.50,2,B
13:55:04,2057.40,1,M
13:55:03,2058.00,3,M
13:55:03,2058.00,3,M
13:55:03,2058.00,3,M
