Time,Price,Volume,Side
10:38:21,2032.30,2,B
10:38:20,2032.30,7,B
10:38:20,2032.30,1,B
10:38:20,2032.50,1,M
10:38:18,2032.20,17,B
10:38:18,2032.20,2,B
10:38:18,2032.40,1,B
10:38:18,2032.50,2,M
10:38:17,2032.50,2,M
10:38:12,2032.60,11,B
10:38:12,2032.60,2,B
10:38:11,2032.70,1,M
10:38:07,2032.60,2,B
10:38:06,2032.70,1,M
10:38:06,2032.70,7,M
10:38:06,2032.70,6,M
10:38:03,2032.70,4,M
10:38:03,2032.70,1,M
10:38:02,2032.60,2,M
10:38:02,2032.40,1,M
10:38:01,2032.40,10,M
10:38:01,2032.40,2,M
10:37:57,2032.80,1,M
10:37:57,2032.70,1,M
10:37:54,2032.40,1,B
10:37:52,2032.40,1,B
10:37:42,2032.20,1,B
10:37:42,2032.20,1,B
10:37:40,2032.70,1,M
10:37:40,2032.60,1,M
10:37:40,2032.40,1,M
10:37:40,2032.40,6,M
10:37:40,2032.30,1,M
10:37:37,2032.10,1,B
10:37:37,2032.20,1,B
10:37:35,2032.20,11,B
10:37:34,2032.30,1,B
10:37:34,2032.30,9,B
10:37:34,2032.30,1,B
10:37:26,2032.10,2,B
10:37:25,2032.10,1,B
10:37:25,2032.10,1,B
10:37:23,2032.10,2,B
10:37:22,2032.40,4,M
10:37:22,2032.30,1,M
10:37:22,2032.10,2,B
10:37:22,2032.10,6,B
10:37:22,2032.20,1,B
10:37:22,2032.20,2,B
10:37:22,2032.20,1,B
10:37:22,2032.30,1,B
10:37:19,2032.40,10,M
10:37:19,2032.40,1,B
10:37:19,2032.40,1,B
10:37:13,2032.70,1,M
10:37:12,2032.40,1,B
10:37:12,2032.40,1,B
10:37:11,2032.50,2,B
10:37:11,2032.50,1,B
10:37:11,2032.50,3,B
10:37:08,2032.60,1,M
10:37:08,2032.50,1,B
10:37:08,2032.60,3,M
10:37:08,2032.60,1,M
10:37:08,2032.50,1,B
10:37:08,2032.50,1,B
10:37:08,2032.60,1,M
10:37:05,2032.60,1,M
10:37:04,2032.60,2,B
10:37:04,2032.60,1,B
10:37:04,2032.60,1,B
10:37:04,2032.60,1,B
10:37:04,2032.70,1,B
10:37:03,2032.80,1,M
10:37:02,2032.80,2,M
10:37:02,2032.80,1,M
10:37:02,2032.80,2,M
10:37:02,2032.80,5,M
10:37:01,2032.80,1,M
10:37:01,2032.80,1,M
10:37:01,2033.10,1,M
10:37:00,2033.00,1,M
10:37:00,2033.00,1,M
10:37:00,2033.00,4,M
10:37:00,2033.00,5,M
10:37:00,2033.00,5,M
10:37:00,2033.00,1,M
10:37:00,2033.00,1,M
10:37:00,2032.90,4,M
10:37:00,2032.90,1,M
10:37:00,2032.80,1,M
10:36:58,2032.90,1,M
10:36:58,2032.90,1,M
10:36:58,2032.90,4,M
10:36:58,2032.90,4,M
10:36:58,2032.90,1,M
10:36:58,2032.50,1,B
10:36:58,2032.70,1,B
10:36:57,2032.90,10,M
10:36:57,2032.50,1,B
10:36:56,2032.90,1,M
10:36:56,2032.90,1,M
10:36:55,2032.90,1,M
10:36:54,2032.50,1,B
10:36:54,2032.50,1,B
10:36:54,2032.70,1,B
10:36:54,2032.70,1,B
10:36:52,2032.90,7,M
10:36:52,2032.80,1,M
10:36:52,2032.80,1,M
10:36:51,2032.80,1,M
10:36:51,2032.70,1,M
10:36:51,2032.70,1,M
10:36:50,2032.70,3,M
10:36:48,2032.70,1,M
10:36:48,2032.70,1,M
10:36:48,2032.60,2,M
10:36:48,2032.60,2,M
10:36:48,2032.50,1,M
10:36:48,2032.50,1,M
10:36:46,2032.40,1,B
10:36:45,2032.30,1,B
10:36:44,2032.30,5,B
10:36:43,2032.40,1,M
10:36:43,2032.40,3,M
10:36:43,2032.40,1,M
10:36:43,2032.40,2,M
10:36:42,2032.40,3,M
10:36:40,2032.40,5,M
10:36:38,2032.40,1,M
10:36:37,2032.40,1,M
10:36:37,2032.40,4,M
10:36:37,2032.30,5,M
10:36:36,2032.30,2,M
10:36:36,2032.30,5,M
10:36:35,2032.30,1,M
10:36:35,2032.30,13,B
10:36:32,2032.40,1,B
10:36:31,2032.50,2,M
10:36:30,2032.50,1,M
10:36:30,2032.50,4,M
10:36:30,2032.20,1,B
10:36:30,2032.20,2,B
10:36:30,2032.50,1,M
10:36:29,2032.20,2,B
10:36:29,2032.50,2,M
10:36:28,2032.30,1,M
10:36:28,2032.30,1,B
10:36:28,2032.30,1,B
10:36:26,2032.80,1,M
10:36:26,2032.80,2,M
10:36:26,2032.40,2,B
10:36:26,2032.40,1,B
10:36:26,2032.40,1,B
10:36:25,2032.90,1,M
10:36:25,2032.90,1,M
10:36:25,2032.80,5,M
10:36:25,2032.80,3,M
10:36:25,2032.80,1,M
10:36:25,2032.80,1,M
10:36:24,2032.90,4,M
10:36:24,2032.80,2,M
10:36:24,2032.70,2,M
10:36:24,2032.70,1,M
10:36:24,2032.60,1,M
10:36:24,2032.60,2,M
10:36:24,2032.60,2,M
10:36:24,2032.60,1,M
10:36:24,2032.50,1,M
10:36:24,2032.50,1,M
10:36:24,2032.50,1,M
10:36:24,2032.50,1,M
10:36:24,2032.50,1,M
10:36:24,2032.40,3,M
10:36:24,2032.40,1,M
10:36:24,2032.30,1,M
10:36:24,2032.30,2,M
10:36:24,2032.30,1,M
10:36:24,2032.30,1,M
10:36:24,2032.20,1,M
10:36:24,2032.20,1,M
10:36:24,2031.90,1,B
10:36:24,2032.00,1,M
10:36:24,2032.00,1,M
10:36:24,2032.00,1,M
10:36:24,2032.00,1,M
10:36:24,2032.00,3,M
10:36:23,2032.00,15,M
10:36:23,2032.00,4,M
10:36:23,2032.00,1,M
10:36:23,2032.00,1,M
10:36:23,2032.00,79,M
10:36:23,2032.00,2,M
10:36:23,2032.00,2,M
10:36:23,2032.00,2,M
10:36:23,2032.00,10,M
10:36:23,2032.00,1,M
10:36:22,2032.00,1,M
10:36:22,2032.00,1,M
10:36:22,2032.00,2,M
10:36:22,2032.00,2,M
10:36:22,2032.00,3,M
10:36:21,2032.00,2,M
10:36:21,2032.00,14,M
10:36:21,2032.00,4,M
10:36:21,2032.00,3,M
10:36:21,2031.90,4,M
10:36:21,2031.90,2,M
10:36:21,2031.90,5,M
10:36:21,2031.90,1,M
10:36:21,2031.90,6,M
10:36:21,2031.90,1,M
10:36:21,2031.90,4,M
10:36:21,2031.90,2,M
10:36:21,2031.90,3,M
10:36:21,2031.90,4,M
10:36:21,2031.90,1,M
10:36:21,2031.90,1,M
10:36:21,2031.90,1,M
10:36:21,2031.90,1,M
10:36:21,2031.90,1,M
10:36:21,2031.90,3,M
10:36:21,2031.90,1,M
10:36:21,2031.90,1,M
10:36:21,2031.90,1,M
10:36:21,2031.90,1,M
10:36:21,2031.90,1,M
10:36:21,2031.90,1,M
10:36:21,2031.90,1,M
10:36:21,2031.90,2,M
10:36:21,2031.90,1,M
10:36:21,2031.90,18,M
10:36:21,2031.90,2,M
10:36:21,2031.90,8,M
10:36:21,2031.90,11,M
10:36:21,2031.90,4,M
10:36:21,2031.90,3,M
10:36:21,2031.90,15,M
10:36:21,2031.90,8,M
10:36:21,2031.90,2,M
10:36:21,2031.90,1,M
10:36:21,2031.90,3,M
10:36:21,2031.90,15,M
10:36:20,2031.80,5,B
10:36:20,2031.90,3,M
10:36:20,2031.90,1,M
10:36:20,2031.90,15,M
10:36:20,2031.90,3,M
10:36:20,2031.90,10,M
10:36:20,2031.90,5,M
10:36:20,2031.90,1,M
10:36:20,2031.90,1,M
10:36:20,2031.90,15,M
10:36:20,2031.90,1,M
10:36:20,2031.90,4,M
10:36:20,2031.90,15,M
10:36:19,2031.90,1,M
10:36:19,2031.90,1,M
10:36:18,2031.90,1,M
10:36:16,2031.90,10,M
10:36:16,2031.90,1,M
10:36:16,2031.80,1,M
10:36:16,2031.90,1,M
10:36:13,2031.80,1,M
10:36:13,2031.80,1,M
10:36:08,2031.70,1,B
10:36:08,2031.70,1,B
10:36:07,2031.70,1,B
10:36:06,2031.70,1,B
10:36:05,2031.70,1,B
10:36:05,2031.70,1,B
10:36:05,2031.80,1,B
10:36:04,2031.90,1,M
10:36:01,2031.90,3,M
10:36:01,2031.90,2,M
10:36:00,2031.90,1,M
10:36:00,2031.90,1,M
10:35:59,2031.90,1,M
10:35:59,2031.80,1,M
10:35:55,2031.90,8,M
10:35:55,2031.90,2,M
10:35:52,2031.90,3,M
10:35:48,2031.90,1,M
10:35:45,2031.90,1,M
10:35:42,2031.90,1,M
10:35:41,2031.90,3,M
10:35:41,2031.90,3,M
10:35:41,2031.90,3,M
10:35:41,2031.90,1,M
10:35:40,2031.90,2,M
10:35:39,2031.90,5,M
10:35:38,2031.70,3,M
10:35:36,2031.50,4,B
10:35:36,2031.60,1,B
10:35:36,2031.70,1,M
10:35:35,2031.60,1,B
10:35:34,2031.70,10,M
10:35:34,2031.60,1,M
10:35:32,2031.50,3,B
10:35:31,2031.50,1,B
10:35:31,2031.60,1,B
10:35:29,2031.50,1,B
10:35:28,2031.70,1,M
10:35:25,2031.70,6,M
10:35:25,2031.70,3,M
10:35:25,2031.70,5,M
10:35:25,2031.70,1,M
10:35:23,2031.70,1,B
10:35:23,2031.90,1,M
10:35:23,2031.80,1,M
10:35:22,2031.70,1,B
10:35:21,2031.60,1,M
10:35:21,2031.30,17,B
10:35:21,2031.40,1,B
10:35:21,2031.40,1,B
10:35:21,2031.40,9,B
10:35:20,2031.80,1,M
10:35:20,2031.80,1,M
10:35:20,2031.50,1,B
10:35:20,2031.50,2,B
10:35:20,2031.50,2,B
10:35:20,2031.80,1,M
10:35:20,2031.80,2,M
10:35:20,2031.80,1,M
10:35:20,2031.80,1,M
10:35:19,2031.80,2,M
10:35:19,2031.80,1,M
10:35:18,2031.50,1,B
10:35:18,2031.40,1,B
10:35:18,2031.50,1,B
10:35:16,2031.50,4,M
10:35:16,2031.50,2,M
10:35:16,2031.50,1,M
10:35:16,2031.50,1,M
10:35:16,2031.50,3,M
10:35:16,2031.50,2,M
10:35:16,2031.50,3,M
10:35:16,2031.50,3,M
10:35:16,2031.50,3,M
10:35:15,2031.50,1,M
10:35:15,2031.50,1,M
10:35:14,2031.50,1,M
10:35:13,2031.50,1,M
10:35:13,2031.50,1,M
10:35:13,2031.50,1,M
10:35:13,2031.50,4,M
10:35:13,2031.50,1,M
10:35:13,2031.50,2,M
10:35:12,2031.50,1,M
10:35:10,2031.50,1,M
10:35:10,2031.50,1,M
10:35:10,2031.20,2,B
10:35:07,2031.50,1,M
10:35:07,2031.40,1,M
10:35:07,2031.20,1,B
10:35:07,2031.50,1,M
10:35:07,2031.20,1,B
10:35:05,2031.20,7,B
10:35:05,2031.20,1,B
10:35:04,2031.20,1,B
10:35:04,2031.30,1,B
10:35:04,2031.30,16,B
10:35:04,2031.30,1,B
10:35:04,2031.30,1,B
10:35:04,2031.30,1,B
10:35:04,2031.30,4,B
10:35:04,2031.40,8,B
10:35:04,2031.40,4,B
10:35:03,2031.50,1,M
10:35:02,2031.40,7,B
10:35:02,2031.40,1,B
10:35:02,2031.40,1,B
10:35:01,2031.90,24,M
10:35:01,2031.80,1,M
10:35:01,2031.80,2,M
10:35:01,2031.80,13,M
10:35:01,2031.80,8,M
10:35:01,2031.70,6,M
10:35:01,2031.40,1,M
10:35:01,2031.40,1,M
10:35:01,2031.40,1,M
10:35:01,2031.40,1,M
10:35:01,2031.40,1,M
10:35:01,2031.40,7,M
10:35:01,2031.30,5,B
10:35:01,2031.30,1,B
10:35:00,2031.40,1,M
10:35:00,2031.30,2,B
10:34:59,2031.40,5,M
10:34:58,2031.40,6,B
10:34:58,2031.40,3,B
10:34:57,2031.40,2,B
10:34:57,2031.40,1,B
10:34:57,2031.40,5,B
10:34:57,2031.40,1,B
10:34:57,2031.40,1,B
10:34:57,2031.40,2,B
10:34:57,2031.40,3,B
10:34:57,2031.40,15,B
10:34:57,2031.40,3,B
10:34:57,2031.40,15,B
10:34:57,2031.40,3,B
10:34:57,2031.40,15,B
10:34:57,2031.50,6,B
10:34:56,2031.50,3,B
10:34:56,2031.50,1,B
10:34:56,2031.50,1,B
10:34:56,2031.50,5,B
10:34:56,2031.50,8,B
10:34:56,2031.60,1,M
10:34:56,2031.50,3,B
10:34:56,2031.50,2,B
10:34:56,2031.50,9,B
10:34:56,2031.50,5,B
10:34:56,2031.50,1,B
10:34:55,2031.60,1,M
10:34:55,2031.60,4,B
10:34:55,2031.60,1,B
10:34:55,2031.60,1,B
10:34:53,2031.80,2,M
10:34:52,2031.80,10,M
10:34:52,2031.80,1,M
10:34:51,2031.70,1,B
10:34:51,2031.80,1,M
10:34:51,2031.80,9,M
10:34:48,2031.80,1,M
10:34:48,2031.80,1,M
10:34:48,2031.60,2,B
10:34:48,2031.70,1,B
10:34:47,2031.70,1,B
10:34:46,2031.80,2,M
10:34:45,2031.70,1,M
10:34:44,2031.80,1,M
10:34:44,2031.70,1,M
10:34:44,2031.70,1,M
10:34:44,2031.70,2,M
10:34:44,2031.70,2,M
10:34:44,2031.70,1,M
10:34:43,2031.70,1,M
10:34:43,2031.70,2,M
10:34:42,2031.70,1,M
10:34:42,2031.70,3,M
10:34:41,2031.70,1,M
10:34:40,2031.70,1,M
10:34:39,2031.70,1,M
10:34:38,2031.80,1,M
10:34:38,2031.80,3,M
10:34:38,2031.80,15,M
10:34:38,2031.80,1,M
10:34:38,2031.80,1,M
10:34:38,2031.70,1,M
10:34:38,2031.70,1,M
10:34:38,2031.50,1,B
10:34:35,2031.80,1,M
10:34:34,2031.40,4,B
10:34:34,2031.40,1,B
10:34:34,2031.40,1,B
10:34:34,2031.40,4,B
10:34:33,2031.80,1,M
10:34:33,2031.90,1,M
10:34:33,2031.80,1,M
10:34:31,2031.90,10,M
10:34:31,2031.80,2,M
10:34:31,2031.80,1,M
10:34:31,2031.40,1,B
10:34:31,2031.50,1,B
10:34:31,2031.50,1,B
10:34:31,2031.50,1,B
10:34:31,2031.50,1,B
10:34:30,2031.80,3,M
10:34:30,2031.70,1,M
10:34:30,2031.70,2,M
10:34:30,2031.70,1,M
10:34:30,2031.50,1,B
10:34:28,2031.50,1,B
10:34:28,2031.50,1,B
10:34:28,2031.50,1,B
10:34:27,2031.60,5,B
10:34:27,2031.70,1,M
10:34:25,2031.70,1,M
10:34:24,2031.50,4,B
10:34:24,2031.60,1,B
10:34:24,2031.50,2,B
10:34:24,2031.60,1,B
10:34:24,2031.60,1,B
10:34:23,2031.70,2,M
10:34:23,2031.60,1,M
10:34:23,2031.60,1,M
10:34:22,2031.60,1,M
10:34:22,2031.40,5,B
10:34:21,2031.50,1,B
10:34:20,2031.50,1,M
10:34:19,2031.30,5,B
10:34:18,2031.60,3,M
10:34:18,2031.30,2,B
10:34:18,2031.30,1,B
10:34:18,2031.30,4,B
10:34:18,2031.40,1,B
10:34:18,2031.40,1,B
10:34:16,2031.30,1,B
10:34:16,2031.30,2,B
10:34:15,2031.60,1,M
10:34:15,2031.20,1,B
10:34:15,2031.20,1,B
10:34:15,2031.20,2,B
10:34:15,2031.20,3,B
10:34:15,2031.40,1,B
10:34:14,2031.20,3,B
10:34:14,2031.20,1,B
10:34:14,2031.20,1,B
10:34:14,2031.20,1,B
10:34:14,2031.20,1,B
10:34:14,2031.20,2,B
10:34:14,2031.30,11,B
10:34:14,2031.30,28,B
10:34:14,2031.40,1,B
10:34:14,2031.40,1,B
10:34:13,2031.60,1,M
10:34:13,2031.70,1,M
10:34:11,2031.60,1,M
10:34:11,2031.20,1,B
10:34:11,2031.30,4,B
10:34:11,2031.70,17,B
10:34:10,2031.80,2,M
10:34:10,2031.80,6,M
10:34:10,2031.80,2,M
10:34:10,2031.70,2,M
10:34:10,2031.40,1,M
10:34:10,2031.20,2,B
10:34:10,2031.70,1,M
10:34:10,2031.70,1,M
10:34:10,2031.70,3,M
10:34:09,2031.20,1,B
10:34:09,2031.20,1,B
10:34:09,2031.70,2,M
10:34:08,2031.30,1,B
10:34:07,2031.70,7,B
10:34:07,2031.70,4,B
10:34:07,2031.70,10,B
10:34:07,2031.80,1,M
10:34:06,2031.70,1,B
10:34:06,2031.70,1,B
10:34:06,2031.70,11,M
10:34:06,2031.70,1,M
10:34:06,2031.60,1,M
10:34:06,2031.60,1,M
10:34:06,2031.20,1,B
10:34:04,2031.20,5,B
10:34:04,2031.20,1,B
10:34:04,2031.20,1,B
10:34:04,2031.20,1,B
10:34:04,2031.20,1,B
10:34:04,2031.20,1,B
10:34:04,2031.20,1,B
10:34:04,2031.30,1,B
10:34:04,2031.30,2,B
10:34:04,2031.30,1,B
10:34:04,2031.30,1,B
10:34:04,2031.30,1,B
10:34:04,2031.30,1,B
10:34:04,2031.30,1,B
10:34:04,2031.40,1,B
10:34:04,2031.60,2,B
10:34:04,2031.60,2,B
10:34:04,2031.60,1,B
10:34:04,2031.60,3,B
10:34:04,2031.60,28,B
10:34:04,2031.80,2,M
10:34:04,2031.60,19,B
10:34:04,2031.60,1,B
10:34:04,2031.60,1,B
10:34:04,2031.70,1,B
10:34:04,2031.70,5,B
10:34:04,2031.70,1,B
10:34:03,2031.80,1,B
10:34:03,2031.80,2,B
10:34:02,2031.80,1,B
10:34:02,2031.80,1,B
10:34:02,2031.80,1,B
10:34:02,2031.80,1,B
10:34:02,2031.90,1,M
10:34:02,2031.90,1,M
10:34:01,2031.90,22,M
10:34:01,2031.90,18,M
10:34:01,2032.00,1,M
10:34:01,2032.00,1,M
10:34:01,2032.00,1,M
10:34:01,2031.70,1,B
10:34:00,2032.00,2,M
10:34:00,2032.00,2,M
10:34:00,2032.00,7,M
10:34:00,2032.00,13,M
10:34:00,2032.00,3,M
10:34:00,2032.00,1,M
10:33:59,2032.00,1,M
10:33:59,2032.00,3,M
10:33:58,2031.90,1,B
10:33:58,2032.00,1,M
10:33:57,2031.60,1,B
10:33:57,2031.90,1,M
10:33:57,2031.70,1,M
10:33:56,2031.70,1,M
10:33:56,2031.70,3,M
10:33:56,2031.70,1,M
10:33:55,2031.60,1,B
10:33:55,2031.70,2,M
10:33:54,2031.70,1,B
10:33:54,2031.80,1,B
10:33:53,2031.90,3,M
10:33:53,2031.90,1,M
10:33:53,2031.60,1,B
10:33:53,2031.90,3,M
10:33:53,2031.90,1,M
10:33:53,2031.90,1,M
10:33:53,2031.60,8,B
10:33:53,2031.60,6,B
10:33:53,2031.70,1,B
10:33:53,2031.70,1,B
10:33:52,2031.90,1,M
10:33:52,2031.70,2,M
10:33:52,2031.70,1,M
10:33:52,2031.70,1,M
10:33:51,2031.70,1,M
10:33:51,2031.70,1,M
10:33:51,2031.70,5,M
10:33:51,2031.70,2,M
10:33:51,2031.70,2,M
10:33:50,2031.70,3,M
10:33:50,2031.70,2,B
10:33:50,2031.70,1,B
10:33:50,2031.70,1,B
10:33:50,2032.00,1,M
10:33:50,2032.00,1,M
10:33:50,2032.00,1,M
10:33:50,2032.00,10,M
10:33:50,2032.00,8,M
10:33:50,2032.00,2,M
10:33:50,2032.00,1,M
10:33:50,2032.00,5,M
10:33:50,2032.00,2,M
10:33:50,2032.00,1,M
10:33:50,2032.00,1,M
10:33:50,2032.00,1,M
10:33:50,2031.90,10,M
10:33:50,2031.80,7,M
10:33:50,2031.90,1,M
10:33:49,2031.90,10,M
10:33:49,2031.90,1,M
10:33:49,2031.90,1,M
10:33:49,2031.90,1,M
10:33:48,2031.90,2,M
10:33:48,2031.90,2,M
10:33:47,2032.00,1,M
10:33:47,2031.60,1,B
10:33:47,2031.70,1,B
10:33:47,2031.70,2,B
10:33:47,2031.70,2,B
10:33:47,2031.80,3,B
10:33:47,2031.90,1,B
10:33:47,2031.90,1,B
10:33:46,2032.00,3,M
10:33:46,2031.90,1,B
10:33:46,2031.90,1,B
10:33:46,2031.90,1,B
10:33:45,2031.70,3,B
10:33:45,2031.80,1,B
10:33:45,2032.00,1,M
10:33:45,2031.90,1,B
10:33:45,2032.00,1,M
10:33:45,2032.00,1,M
10:33:44,2031.70,3,B
10:33:44,2031.80,5,B
10:33:44,2031.80,12,B
10:33:44,2031.90,3,M
10:33:44,2031.90,6,M
10:33:44,2031.90,4,M
10:33:44,2031.90,2,M
10:33:44,2031.80,1,B
10:33:44,2031.90,2,M
10:33:44,2031.90,1,M
10:33:43,2031.80,12,M
10:33:43,2031.80,5,M
10:33:43,2031.80,1,M
10:33:43,2031.70,1,B
10:33:43,2031.70,1,B
10:33:42,2031.70,1,M
10:33:42,2031.60,2,B
10:33:42,2031.60,5,B
10:33:42,2031.60,1,B
10:33:42,2031.50,1,B
10:33:41,2031.50,1,B
10:33:41,2031.50,1,B
10:33:41,2031.50,2,B
10:33:41,2031.60,1,B
10:33:41,2031.70,1,M
10:33:41,2031.60,11,M
10:33:41,2031.60,1,M
10:33:41,2031.60,1,M
10:33:41,2031.50,2,B
10:33:40,2031.50,21,B
10:33:40,2031.60,1,M
10:33:40,2031.70,2,M
10:33:40,2031.60,1,M
10:33:40,2031.50,1,M
10:33:39,2031.10,6,B
10:33:39,2031.10,2,B
10:33:39,2031.10,1,B
10:33:39,2031.60,1,M
10:33:39,2031.50,4,M
10:33:39,2031.10,1,B
10:33:39,2031.10,6,M
10:33:39,2031.10,2,M
10:33:38,2031.10,1,B
10:33:38,2031.10,1,B
10:33:38,2031.10,1,B
10:33:38,2031.10,6,B
10:33:38,2031.20,1,B
10:33:38,2031.20,1,B
10:33:38,2031.10,6,B
10:33:38,2031.30,1,B
10:33:38,2031.30,1,B
10:33:38,2031.30,1,B
10:33:38,2031.50,1,B
10:33:38,2031.30,2,B
10:33:38,2031.30,1,B
10:33:38,2031.30,9,B
10:33:38,2031.60,1,M
10:33:38,2031.50,1,M
10:33:37,2031.50,3,M
10:33:37,2031.30,2,B
10:33:37,2031.50,1,M
10:33:37,2031.10,1,M
10:33:37,2031.10,2,B
10:33:37,2031.10,1,B
10:33:37,2031.10,1,B
10:33:37,2031.10,1,B
10:33:37,2031.10,1,B
10:33:37,2031.10,1,B
10:33:36,2031.10,2,B
10:33:36,2031.10,1,B
10:33:36,2031.10,1,B
10:33:36,2031.10,1,B
10:33:36,2031.10,1,B
10:33:36,2031.10,1,B
10:33:36,2031.10,1,B
10:33:36,2031.20,1,B
10:33:36,2031.30,1,B
10:33:35,2031.10,4,B
10:33:35,2031.20,1,B
10:33:35,2031.20,1,B
10:33:35,2031.20,2,B
10:33:35,2031.20,1,B
10:33:35,2031.30,1,B
10:33:35,2031.50,5,B
10:33:35,2031.70,1,M
10:33:35,2031.10,13,B
10:33:35,2031.30,2,B
10:33:35,2031.60,1,M
10:33:35,2031.10,2,B
10:33:35,2031.10,1,B
10:33:35,2031.10,1,B
10:33:35,2031.10,1,B
10:33:35,2031.10,1,B
10:33:35,2031.20,2,B
10:33:35,2031.20,1,B
10:33:35,2031.20,1,B
10:33:35,2031.20,1,B
10:33:35,2031.70,1,M
10:33:35,2031.70,1,M
10:33:35,2031.30,3,B
10:33:34,2031.30,3,B
10:33:34,2031.20,1,B
10:33:34,2031.20,2,B
10:33:34,2031.30,1,B
10:33:34,2031.30,1,B
10:33:34,2031.40,5,B
10:33:34,2031.40,1,B
10:33:34,2031.40,1,B
10:33:34,2031.40,2,B
10:33:34,2031.40,1,B
10:33:34,2031.40,1,B
10:33:34,2031.40,1,B
10:33:34,2031.40,3,B
10:33:34,2031.40,17,B
10:33:34,2031.40,15,B
10:33:34,2031.50,10,B
10:33:34,2031.50,5,B
10:33:33,2031.50,1,B
10:33:33,2031.50,4,B
10:33:33,2031.50,2,B
10:33:33,2031.50,1,B
10:33:33,2031.50,2,B
10:33:33,2031.50,1,B
10:33:33,2031.50,2,B
10:33:33,2031.60,1,B
10:33:33,2031.60,1,B
10:33:32,2031.60,1,B
10:33:32,2031.90,1,M
10:33:32,2031.60,1,B
10:33:32,2031.70,5,B
10:33:32,2031.70,3,B
10:33:32,2031.80,1,B
10:33:32,2031.80,1,B
10:33:32,2031.90,1,B
10:33:32,2031.90,2,B
10:33:32,2032.00,1,M
10:33:32,2032.00,1,M
10:33:32,2031.90,1,B
10:33:31,2031.90,1,B
10:33:31,2031.90,1,B
10:33:31,2031.90,6,B
10:33:31,2031.90,4,B
10:33:30,2032.00,1,M
10:33:30,2032.00,1,B
10:33:30,2032.00,1,B
10:33:30,2032.00,1,B
10:33:30,2032.00,1,B
10:33:30,2032.00,1,B
10:33:30,2032.00,1,B
10:33:30,2032.00,1,B
10:33:30,2032.00,1,B
10:33:30,2032.00,1,B
10:33:30,2032.00,1,B
10:33:30,2032.00,1,B
10:33:30,2032.00,2,B
10:33:30,2032.00,1,B
10:33:30,2032.10,1,B
10:33:30,2032.10,1,B
10:33:30,2032.20,1,B
10:33:29,2032.20,1,B
10:33:29,2032.30,1,M
10:33:28,2032.30,10,M
10:33:28,2032.10,1,B
10:33:28,2032.30,1,M
10:33:28,2032.10,1,B
10:33:27,2032.20,1,B
10:33:27,2032.20,1,B
10:33:27,2032.30,2,M
10:33:27,2032.30,1,M
10:33:27,2032.30,14,B
10:33:24,2032.60,6,M
10:33:24,2032.30,7,B
10:33:24,2032.30,2,B
10:33:24,2032.30,1,B
10:33:24,2032.30,1,B
10:33:24,2032.30,8,B
10:33:24,2032.40,1,B
10:33:24,2032.50,1,B
10:33:22,2032.60,1,M
10:33:22,2032.30,1,B
10:33:22,2032.30,2,B
10:33:21,2032.30,1,B
10:33:21,2032.40,1,B
10:33:20,2032.30,1,B
10:33:20,2032.30,3,B
10:33:20,2032.30,30,B
10:33:20,2032.30,1,B
10:33:19,2032.60,9,M
10:33:19,2032.30,1,B
10:33:19,2032.30,1,B
10:33:18,2032.30,1,B
10:33:18,2032.40,1,B
10:33:18,2032.40,1,B
10:33:18,2032.40,1,B
10:33:18,2032.40,3,B
10:33:18,2032.40,1,B
10:33:17,2032.60,14,M
10:33:17,2032.40,3,B
10:33:17,2032.40,3,B
10:33:17,2032.30,1,B
10:33:17,2032.30,1,B
10:33:17,2032.40,1,B
10:33:17,2032.60,2,M
10:33:16,2032.60,7,M
10:33:16,2032.50,4,M
10:33:16,2032.30,1,B
10:33:16,2032.40,1,B
10:33:16,2032.50,1,B
10:33:15,2032.60,1,M
10:33:15,2032.40,1,B
10:33:15,2032.40,1,B
10:33:15,2032.40,1,B
10:33:15,2032.50,1,B
10:33:15,2032.50,1,B
10:33:15,2032.60,1,M
10:33:14,2032.50,1,B
10:33:14,2032.60,2,M
10:33:13,2032.60,11,M
10:33:13,2032.50,1,B
10:33:12,2032.50,1,B
10:33:12,2032.50,1,B
10:33:11,2032.60,1,B
10:33:11,2032.90,1,M
10:33:11,2032.90,2,M
10:33:11,2032.60,1,B
10:33:11,2032.60,2,B
10:33:11,2033.00,7,M
10:33:11,2032.80,1,M
10:33:11,2032.70,12,M
10:33:11,2032.60,1,B
10:33:11,2032.70,2,M
10:33:11,2032.60,1,B
10:33:11,2032.60,1,B
10:33:10,2032.60,1,B
10:33:10,2032.60,1,B
10:33:10,2032.60,2,B
10:33:10,2032.70,1,B
10:33:10,2032.80,1,B
10:33:10,2032.80,1,B
10:33:10,2032.80,1,B
10:33:10,2032.80,1,B
10:33:10,2033.00,7,B
10:33:10,2033.00,1,B
10:33:10,2033.00,2,B
10:33:10,2033.00,2,B
10:33:10,2033.00,1,B
10:33:10,2033.00,2,B
10:33:10,2033.00,1,B
10:33:10,2033.00,1,B
10:33:10,2033.00,10,B
10:33:10,2033.00,1,B
10:33:10,2033.00,1,B
10:33:10,2033.00,27,B
10:33:10,2033.00,3,B
10:33:10,2033.00,1,B
10:33:10,2033.00,1,B
10:33:10,2033.00,1,B
10:33:10,2033.00,3,B
10:33:10,2033.00,1,B
10:33:10,2033.00,1,B
10:33:10,2033.00,1,B
10:33:10,2033.00,5,B
10:33:10,2033.00,1,B
10:33:10,2033.00,1,B
10:33:10,2033.10,1,B
10:33:10,2033.10,1,B
10:33:10,2033.10,1,B
10:33:10,2033.10,1,B
10:33:10,2033.10,1,B
10:33:10,2033.10,5,B
10:33:10,2033.10,1,B
10:33:10,2033.10,1,B
10:33:10,2033.10,1,B
10:33:10,2033.10,6,B
10:33:10,2033.10,1,B
10:33:09,2033.10,1,B
10:33:09,2033.20,2,B
10:33:09,2033.20,3,B
10:33:07,2033.50,6,M
10:33:07,2033.30,2,M
10:33:07,2033.30,2,M
10:33:07,2033.20,6,B
10:33:07,2033.20,9,B
10:33:07,2033.20,1,B
10:33:06,2033.30,4,B
10:33:06,2033.30,2,B
10:33:06,2033.30,4,B
10:33:05,2033.50,4,M
10:33:05,2033.40,1,M
10:33:05,2033.30,1,B
10:33:03,2033.50,2,M
10:33:03,2033.50,1,M
10:33:02,2033.40,10,B
10:33:02,2033.40,1,B
10:33:02,2033.50,1,M
10:33:00,2033.50,1,B
10:32:59,2033.50,1,B
10:32:59,2033.60,2,M
10:32:58,2033.60,5,M
10:32:56,2033.60,1,M
10:32:53,2033.70,9,M
10:32:53,2033.60,1,M
10:32:52,2033.70,1,M
10:32:52,2033.60,1,M
10:32:48,2033.50,1,B
10:32:48,2033.50,2,M
10:32:46,2033.90,4,M
10:32:46,2033.80,1,M
10:32:46,2033.60,2,M
10:32:46,2033.60,1,M
10:32:46,2033.50,2,M
10:32:46,2033.30,5,B
10:32:46,2033.40,1,B
10:32:46,2033.40,1,B
10:32:46,2033.40,3,B
10:32:46,2033.50,1,M
10:32:45,2033.50,1,M
10:32:43,2033.50,1,B
10:32:43,2033.50,1,B
10:32:43,2033.50,1,B
10:32:42,2033.50,2,B
10:32:42,2033.60,5,M
10:32:41,2033.50,10,B
10:32:40,2033.50,1,B
10:32:40,2033.60,1,M
10:32:40,2033.60,1,B
10:32:40,2033.60,1,B
10:32:39,2033.60,1,B
10:32:38,2033.90,3,M
10:32:38,2033.80,4,M
10:32:38,2033.70,1,M
10:32:38,2033.70,1,M
10:32:38,2033.70,1,M
10:32:37,2033.50,3,B
10:32:37,2033.50,1,B
10:32:37,2033.50,1,B
10:32:37,2033.50,1,B
10:32:37,2033.50,1,B
10:32:37,2033.50,1,B
10:32:37,2033.60,1,B
10:32:34,2033.80,1,M
10:32:34,2033.70,1,M
10:32:34,2033.70,2,M
10:32:33,2033.60,1,B
10:32:33,2033.60,9,B
10:32:32,2033.50,1,B
10:32:32,2033.50,1,B
10:32:30,2033.60,2,B
10:32:30,2033.60,1,B
10:32:30,2033.60,2,B
10:32:29,2033.60,2,B
10:32:28,2033.60,1,B
10:32:27,2033.80,3,M
10:32:27,2033.60,3,B
10:32:26,2033.80,2,M
10:32:25,2033.80,10,M
10:32:25,2033.70,1,B
10:32:24,2033.70,4,B
10:32:22,2033.70,25,B
10:32:22,2033.70,5,B
10:32:21,2033.90,1,M
10:32:20,2033.80,1,B
10:32:20,2033.80,1,B
10:32:20,2033.80,1,B
10:32:20,2033.80,6,B
10:32:20,2033.80,10,B
10:32:16,2034.00,1,M
10:32:14,2034.00,1,M
10:32:13,2034.00,1,M
10:32:05,2034.10,1,M
10:32:04,2034.10,4,M
10:32:04,2034.10,1,M
10:32:04,2034.10,1,M
10:32:04,2034.10,3,M
10:32:04,2034.00,1,M
10:32:02,2033.80,4,B
10:32:02,2033.80,1,B
10:32:02,2033.80,1,B
10:32:02,2033.90,1,B
10:32:02,2033.90,1,B
10:32:02,2034.10,1,M
10:31:57,2034.10,1,M
10:31:51,2034.10,1,M
10:31:43,2034.10,6,M
10:31:43,2034.10,3,M
10:31:43,2034.00,1,M
10:31:42,2033.80,1,B
10:31:42,2033.80,2,B
10:31:42,2033.90,1,B
10:31:42,2034.00,9,B
10:31:41,2034.10,1,M
10:31:39,2034.00,1,B
10:31:33,2034.10,1,M
10:31:30,2034.00,8,B
10:31:29,2034.00,1,B
10:31:28,2034.10,1,B
10:31:25,2034.20,1,M
10:31:22,2034.20,5,M
10:31:22,2034.20,1,M
10:31:22,2034.10,4,M
10:31:21,2034.00,1,B
10:31:17,2034.10,2,M
10:31:15,2034.00,5,B
10:31:15,2034.00,1,B
10:31:14,2034.00,6,B
10:31:14,2034.00,1,B
10:31:14,2034.00,1,B
10:31:11,2034.10,1,M
10:31:10,2034.00,2,B
10:31:10,2034.10,3,M
10:31:10,2034.00,1,B
10:31:06,2033.90,1,B
10:31:05,2034.20,1,M
10:31:05,2034.20,1,M
10:31:05,2034.00,1,M
10:31:03,2034.00,1,B
10:31:02,2034.10,1,M
10:31:01,2034.20,1,M
10:31:01,2034.20,1,M
10:31:01,2034.20,2,M
10:31:01,2034.20,2,M
10:31:01,2034.20,1,M
10:31:01,2034.10,1,M
10:31:01,2034.10,1,M
10:31:01,2034.10,1,M
10:31:01,2034.20,1,M
10:30:56,2034.20,1,M
10:30:50,2034.20,1,M
10:30:50,2034.20,3,M
10:30:50,2034.10,1,M
10:30:50,2034.00,2,M
10:30:40,2034.20,10,M
10:30:39,2033.80,1,B
10:30:39,2033.80,2,B
10:30:39,2033.90,4,B
10:30:39,2034.00,1,B
10:30:38,2034.20,1,M
10:30:36,2034.00,2,B
10:30:35,2034.20,3,M
10:30:35,2034.00,1,B
10:30:35,2034.20,1,M
10:30:34,2034.00,10,B
10:30:33,2034.00,3,B
10:30:33,2034.00,1,M
10:30:32,2033.90,1,B
10:30:32,2033.90,1,B
10:30:32,2033.90,1,B
10:30:32,2033.90,1,B
10:30:30,2033.90,2,B
10:30:30,2033.90,1,B
10:30:30,2033.90,1,B
10:30:28,2033.80,1,B
10:30:28,2033.80,1,B
10:30:28,2033.90,2,B
10:30:28,2034.00,1,B
10:30:28,2034.00,1,B
10:30:28,2034.00,1,B
10:30:27,2034.00,1,B
10:30:26,2034.20,4,B
10:30:26,2034.40,1,M
10:30:25,2034.20,2,B
10:30:25,2034.20,1,B
10:30:23,2034.20,1,M
10:30:22,2034.10,1,B
10:30:19,2034.00,1,B
10:30:19,2034.00,1,B
10:30:19,2034.20,1,M
10:30:19,2034.20,4,M
10:30:19,2034.20,5,M
10:30:18,2034.20,1,M
10:30:18,2034.20,1,M
10:30:17,2034.20,4,M
10:30:17,2034.00,3,B
10:30:17,2034.00,1,B
10:30:17,2034.10,1,B
10:30:17,2034.10,1,B
10:30:15,2034.10,1,B
10:30:15,2034.20,1,M
10:30:14,2034.20,2,B
10:30:14,2034.40,2,M
10:30:13,2034.30,1,B
10:30:13,2034.30,3,B
10:30:10,2034.30,9,M
10:30:06,2034.30,1,B
10:30:06,2034.50,1,M
10:30:03,2034.30,1,B
10:30:02,2034.10,1,B
10:30:02,2034.10,1,B
10:30:02,2034.10,1,B
10:30:01,2034.10,3,B
10:30:01,2034.20,1,B
10:30:01,2034.20,1,B
10:30:00,2034.10,2,B
10:30:00,2034.70,2,M
10:30:00,2034.60,1,M
10:30:00,2034.60,1,M
10:30:00,2034.60,5,M
10:30:00,2034.50,1,M
10:30:00,2034.50,1,M
10:30:00,2034.40,3,M
10:30:00,2034.40,13,M
10:30:00,2034.30,1,M
10:30:00,2034.30,1,M
10:30:00,2034.30,1,M
10:30:00,2034.30,1,M
10:30:00,2034.30,9,M
10:30:00,2034.20,1,M
10:30:00,2034.20,7,M
10:30:00,2034.10,2,M
10:30:00,2033.80,1,M
10:30:00,2033.70,1,B
10:29:59,2033.70,2,B
10:29:58,2033.70,5,B
10:29:58,2034.20,5,M
10:29:58,2034.20,1,M
10:29:58,2034.20,1,M
10:29:58,2034.20,1,M
10:29:58,2034.20,1,M
10:29:58,2034.10,1,M
10:29:58,2033.70,1,B
10:29:58,2033.70,1,B
10:29:57,2033.70,7,B
10:29:57,2033.80,1,M
10:29:56,2033.70,1,B
10:29:56,2033.80,1,B
10:29:56,2033.80,1,B
10:29:56,2033.70,2,B
10:29:56,2033.70,1,B
10:29:56,2033.90,10,B
10:29:56,2034.00,1,B
10:29:54,2034.10,1,M
10:29:52,2034.00,1,B
10:29:50,2034.00,1,B
10:29:50,2034.00,2,B
10:29:48,2034.20,1,M
10:29:45,2034.30,1,M
10:29:43,2034.00,2,B
10:29:43,2034.00,1,B
10:29:43,2034.00,2,B
10:29:43,2034.00,1,B
10:29:43,2034.10,1,B
10:29:41,2034.40,1,M
10:29:41,2034.40,1,M
10:29:41,2034.00,1,B
10:29:41,2034.10,1,B
10:29:40,2034.00,6,B
10:29:40,2034.10,1,B
10:29:40,2034.10,2,B
10:29:39,2034.10,1,B
10:29:39,2034.10,9,B
10:29:39,2034.10,2,B
10:29:39,2034.10,1,B
10:29:38,2034.00,2,B
10:29:38,2034.00,4,B
10:29:38,2034.10,1,B
10:29:38,2034.10,2,B
10:29:37,2034.60,1,M
10:29:37,2034.50,5,M
10:29:37,2034.50,4,M
10:29:37,2034.10,1,M
10:29:37,2034.00,1,B
10:29:36,2034.10,1,B
10:29:35,2034.50,1,M
10:29:34,2034.10,2,B
10:29:34,2034.10,1,B
10:29:34,2034.10,1,B
10:29:33,2034.10,1,B
10:29:33,2034.40,5,M
10:29:31,2034.10,1,B
10:29:30,2034.00,3,B
10:29:30,2034.10,2,B
10:29:30,2034.10,3,B
10:29:30,2034.10,22,B
10:29:30,2034.50,4,B
10:29:29,2034.10,1,B
10:29:29,2034.10,3,B
10:29:29,2034.10,1,B
10:29:29,2034.10,1,B
10:29:29,2034.10,1,B
10:29:29,2034.20,1,B
10:29:29,2034.20,1,B
10:29:29,2034.20,1,B
10:29:29,2034.20,1,B
10:29:29,2034.20,12,B
10:29:29,2034.20,2,B
10:29:28,2034.50,1,B
10:29:27,2034.60,1,B
10:29:27,2034.60,1,B
10:29:27,2034.60,6,B
10:29:27,2034.70,1,B
10:29:23,2034.60,1,B
10:29:23,2034.60,2,B
10:29:21,2034.80,1,M
10:29:21,2034.90,18,M
10:29:21,2034.90,2,M
10:29:21,2034.90,13,M
10:29:21,2034.80,1,M
10:29:21,2034.80,8,B
10:29:21,2034.90,1,M
10:29:21,2034.80,1,B
10:29:21,2034.80,1,B
10:29:21,2034.80,1,B
10:29:21,2034.80,9,B
10:29:20,2034.90,1,M
10:29:17,2035.00,1,M
10:29:17,2035.00,2,B
10:29:17,2035.50,1,M
10:29:17,2035.50,5,M
10:29:17,2035.40,1,M
10:29:16,2035.40,2,M
10:29:16,2035.40,1,M
10:29:16,2035.30,3,M
10:29:16,2035.20,1,M
10:29:16,2035.20,1,M
10:29:16,2035.20,2,M
10:29:15,2035.00,2,M
10:29:15,2035.00,1,M
10:29:15,2035.00,1,M
10:29:15,2035.00,1,M
10:29:15,2035.00,5,M
10:29:15,2035.00,1,M
10:29:15,2035.00,1,M
10:29:15,2035.00,1,M
10:29:15,2035.00,23,M
10:29:15,2035.00,10,M
10:29:13,2035.00,9,M
10:29:13,2035.00,1,M
10:29:13,2035.00,1,M
10:29:12,2035.00,20,M
10:29:12,2035.00,2,M
10:29:12,2035.00,2,M
10:29:12,2035.00,1,M
10:29:12,2035.00,3,M
10:29:12,2035.00,1,M
10:29:12,2035.00,1,M
10:29:11,2035.00,1,M
10:29:11,2035.00,1,M
10:29:11,2035.00,1,M
10:29:11,2035.00,9,M
10:29:10,2035.00,3,M
10:29:10,2035.00,3,M
10:29:07,2034.60,1,B
10:29:07,2034.60,1,B
10:29:07,2035.00,2,M
10:29:07,2034.90,1,M
10:29:07,2034.90,2,M
10:29:07,2034.90,1,M
10:29:07,2034.90,4,M
10:29:07,2034.70,1,M
10:29:05,2034.60,1,B
10:29:03,2034.70,4,M
10:29:01,2035.00,4,M
10:29:00,2034.60,1,B
10:28:59,2034.60,1,B
10:28:58,2035.00,1,M
10:28:58,2035.00,1,M
10:28:58,2035.00,3,M
10:28:58,2034.60,3,B
10:28:57,2035.00,1,M
10:28:57,2034.90,1,M
10:28:57,2034.90,1,M
10:28:55,2035.00,10,M
10:28:55,2034.90,1,M
10:28:55,2034.90,4,M
10:28:55,2034.90,1,M
10:28:55,2034.90,1,M
10:28:55,2034.90,1,M
10:28:55,2034.90,2,M
10:28:55,2034.80,1,M
10:28:55,2034.80,1,M
10:28:55,2034.70,1,M
10:28:55,2034.70,5,M
10:28:55,2034.60,1,M
10:28:55,2034.60,10,M
10:28:55,2034.60,1,M
10:28:55,2034.50,1,B
10:28:55,2034.50,1,M
10:28:55,2034.50,2,M
10:28:55,2034.50,9,M
10:28:50,2034.50,1,M
10:28:50,2034.40,1,B
10:28:49,2034.50,1,M
10:28:49,2034.50,5,M
10:28:49,2034.50,1,M
10:28:48,2034.50,1,M
10:28:45,2034.60,1,M
10:28:45,2034.50,1,M
10:28:45,2034.60,2,M
10:28:45,2034.50,1,M
10:28:44,2034.50,1,M
10:28:43,2034.50,1,M
10:28:43,2034.50,2,M
10:28:42,2034.50,1,M
10:28:42,2034.50,1,M
10:28:42,2034.50,1,M
10:28:42,2034.50,1,M
10:28:42,2034.40,8,M
10:28:41,2034.40,1,M
10:28:41,2034.40,1,M
10:28:39,2034.40,1,M
10:28:39,2034.40,1,M
10:28:38,2034.30,1,M
10:28:37,2034.30,2,M
10:28:35,2034.30,1,M
10:28:34,2034.30,9,M
10:28:34,2034.20,1,M
10:28:33,2034.00,1,B
10:28:33,2034.30,3,M
10:28:33,2034.30,1,M
10:28:33,2034.30,1,M
10:28:33,2034.00,1,B
10:28:32,2034.20,1,M
10:28:29,2034.00,11,M
10:28:29,2034.00,9,M
10:28:29,2034.00,30,M
10:28:29,2034.00,27,M
10:28:28,2034.00,6,M
10:28:26,2034.00,1,M
10:28:25,2034.00,1,M
10:28:25,2034.00,2,M
10:28:25,2034.00,1,M
10:28:24,2034.00,6,M
10:28:24,2034.00,6,M
10:28:24,2034.00,6,M
10:28:24,2034.00,6,M
10:28:24,2034.00,5,M
10:28:24,2033.90,1,M
10:28:23,2033.90,2,M
10:28:20,2033.80,1,B
10:28:19,2033.80,4,M
10:28:17,2033.80,1,B
10:28:17,2033.80,1,B
10:28:15,2033.80,2,B
10:28:15,2033.80,1,B
10:28:15,2033.90,5,B
10:28:13,2034.00,1,M
10:28:13,2033.90,9,M
10:28:13,2033.90,1,M
10:28:13,2033.80,1,B
10:28:12,2033.90,1,M
10:28:12,2033.90,1,B
10:28:11,2033.90,1,B
10:28:11,2034.00,1,M
10:28:10,2034.00,1,M
10:28:09,2034.00,6,M
10:28:08,2034.00,10,M
10:28:07,2034.00,1,B
10:28:07,2034.00,1,B
10:28:06,2033.80,17,M
10:28:06,2033.80,1,B
10:28:06,2034.00,9,B
10:28:06,2034.10,1,B
10:28:06,2034.10,2,B
10:28:05,2034.30,3,M
10:28:05,2034.00,1,M
10:28:05,2034.00,1,M
10:28:05,2034.00,1,M
10:28:03,2033.80,2,B
10:28:01,2034.00,1,M
10:28:00,2034.00,1,M
10:28:00,2034.00,1,M
10:27:59,2034.00,1,M
10:27:58,2033.70,2,B
10:27:58,2033.60,2,B
10:27:58,2033.70,2,B
10:27:57,2034.00,1,M
10:27:56,2034.00,3,M
10:27:56,2034.00,1,M
10:27:56,2033.80,2,M
10:27:52,2033.90,8,M
10:27:52,2033.80,2,M
10:27:50,2033.80,1,M
10:27:50,2033.80,32,M
10:27:50,2033.70,1,M
10:27:50,2033.70,3,M
10:27:50,2033.70,1,M
10:27:49,2033.70,1,B
10:27:48,2033.80,1,M
10:27:44,2033.80,2,M
10:27:44,2033.70,1,M
10:27:42,2033.70,1,M
10:27:41,2033.70,1,M
10:27:40,2033.60,1,B
10:27:40,2033.60,1,B
10:27:38,2033.70,1,M
10:27:37,2033.80,1,M
10:27:36,2033.60,1,B
10:27:36,2033.80,2,M
10:27:34,2033.80,1,M
10:27:34,2033.80,1,M
10:27:34,2033.80,1,M
10:27:33,2033.80,1,M
10:27:33,2033.80,1,M
10:27:31,2033.80,7,M
10:27:31,2033.70,1,M
10:27:31,2033.60,1,M
10:27:31,2033.60,1,M
10:27:31,2033.20,3,B
10:27:31,2033.20,1,B
10:27:31,2033.20,2,B
10:27:31,2033.20,1,B
10:27:31,2033.20,1,B
10:27:31,2033.20,1,B
10:27:31,2033.20,1,B
10:27:31,2033.50,3,B
10:27:28,2033.60,3,M
10:27:28,2033.60,8,M
10:27:28,2033.60,3,M
10:27:28,2033.50,2,B
10:27:24,2033.60,1,M
10:27:24,2033.50,1,M
10:27:23,2033.20,1,B
10:27:23,2033.30,4,B
10:27:23,2033.30,2,B
10:27:23,2033.30,1,B
10:27:23,2033.30,2,B
10:27:23,2033.40,2,B
10:27:23,2033.40,1,B
10:27:23,2033.40,1,B
10:27:23,2033.40,1,B
10:27:23,2033.50,1,B
10:27:23,2033.50,1,B
10:27:23,2033.60,1,M
10:27:22,2033.60,3,M
10:27:22,2033.50,1,B
10:27:19,2033.60,1,M
10:27:17,2033.60,1,M
10:27:17,2033.60,2,B
10:27:17,2033.70,2,B
10:27:16,2033.70,1,B
10:27:13,2033.60,1,B
10:27:11,2033.60,1,B
10:27:11,2033.60,1,B
10:27:10,2034.00,2,M
10:27:10,2034.00,3,M
10:27:10,2034.00,2,M
10:27:10,2034.00,1,M
10:27:10,2033.90,2,M
10:27:10,2033.60,1,B
10:27:10,2033.60,1,B
10:27:10,2033.60,1,B
10:27:10,2033.60,4,B
10:27:10,2033.80,2,B
10:27:10,2033.90,2,B
10:27:08,2034.00,1,M
10:27:07,2034.00,1,M
10:27:05,2034.00,1,B
10:27:05,2034.00,2,B
10:27:05,2034.00,1,B
10:27:05,2034.00,1,B
10:27:05,2034.00,1,B
10:27:05,2034.00,1,B
10:27:05,2034.00,5,B
10:27:05,2034.00,3,B
10:27:04,2034.00,2,B
10:27:04,2034.10,1,B
10:27:03,2034.00,1,B
10:27:01,2034.00,7,B
10:27:01,2034.20,1,B
10:27:01,2034.30,1,M
10:27:00,2034.20,1,M
10:27:00,2034.20,1,B
10:26:59,2034.20,1,B
10:26:58,2034.20,1,B
10:26:57,2034.20,1,B
10:26:53,2034.20,1,B
10:26:52,2034.00,1,B
10:26:52,2034.50,1,M
10:26:52,2034.00,6,B
10:26:52,2034.20,1,B
10:26:52,2034.20,1,B
10:26:52,2034.50,1,M
10:26:50,2034.40,3,M
10:26:50,2034.30,2,M
10:26:50,2034.30,1,M
10:26:50,2034.30,1,M
10:26:50,2034.00,5,M
10:26:49,2034.20,8,M
10:26:49,2034.00,2,M
10:26:49,2034.00,1,M
10:26:49,2034.00,1,M
10:26:49,2034.00,4,M
10:26:49,2034.00,1,M
10:26:49,2033.90,2,M
10:26:49,2033.90,1,M
10:26:49,2033.90,2,M
10:26:49,2033.90,1,M
10:26:48,2033.80,5,B
10:26:48,2033.80,1,B
10:26:48,2033.80,2,B
10:26:48,2033.80,5,B
10:26:48,2033.90,1,M
10:26:47,2033.80,2,M
10:26:47,2033.80,1,M
10:26:47,2033.80,2,M
10:26:47,2033.70,1,B
10:26:45,2033.60,7,B
10:26:45,2033.70,3,B
10:26:45,2033.60,1,B
10:26:44,2033.60,1,B
10:26:44,2033.60,1,B
10:26:43,2033.60,1,B
10:26:41,2033.80,1,M
10:26:41,2033.80,1,M
10:26:40,2033.70,2,M
10:26:39,2033.40,1,B
10:26:39,2033.50,1,B
10:26:37,2033.40,1,B
10:26:37,2033.40,1,B
10:26:36,2033.90,1,M
10:26:36,2033.80,1,M
10:26:35,2033.40,1,B
10:26:35,2033.80,1,M
10:26:34,2033.40,1,B
10:26:34,2033.40,2,B
10:26:34,2033.90,3,M
10:26:34,2033.80,1,M
10:26:34,2033.80,1,M
10:26:34,2033.40,1,B
10:26:33,2033.50,1,B
10:26:33,2033.30,4,B
10:26:33,2033.40,1,B
10:26:33,2033.40,1,B
10:26:33,2033.40,2,B
10:26:33,2033.50,1,B
10:26:33,2033.50,1,B
10:26:33,2033.50,10,B
10:26:33,2033.50,1,B
10:26:33,2033.50,1,B
10:26:33,2033.50,2,B
10:26:33,2033.60,20,B
10:26:33,2033.60,1,B
10:26:33,2033.60,1,B
10:26:33,2033.60,1,B
10:26:33,2033.60,2,B
10:26:33,2033.70,1,B
10:26:33,2033.70,5,B
10:26:33,2033.80,1,B
10:26:33,2033.80,10,B
10:26:33,2033.90,1,B
10:26:33,2033.90,1,B
10:26:32,2034.00,1,M
10:26:32,2034.00,1,M
10:26:31,2034.00,1,M
10:26:31,2033.80,2,B
10:26:31,2033.80,1,B
10:26:30,2033.90,1,M
10:26:30,2033.80,2,B
10:26:30,2033.80,4,B
10:26:29,2034.00,1,M
10:26:29,2033.80,1,B
10:26:29,2033.90,1,M
10:26:29,2033.90,1,B
10:26:29,2034.00,1,M
10:26:28,2034.20,1,M
10:26:28,2034.10,5,M
10:26:28,2034.00,1,M
10:26:28,2034.00,3,M
10:26:28,2033.90,1,B
10:26:28,2033.90,2,M
10:26:27,2033.80,1,B
10:26:27,2033.90,1,B
10:26:27,2034.00,1,B
10:26:27,2034.00,1,B
10:26:26,2034.00,1,B
10:26:26,2034.00,1,B
10:26:25,2034.00,1,B
10:26:25,2034.00,5,B
10:26:25,2034.00,1,B
10:26:25,2034.00,1,B
10:26:25,2034.00,1,B
10:26:24,2034.00,1,B
10:26:24,2034.00,2,B
10:26:24,2034.10,2,B
10:26:24,2034.10,1,B
10:26:24,2034.10,3,B
10:26:24,2034.10,1,B
10:26:24,2034.10,1,B
10:26:24,2034.20,1,M
10:26:22,2034.20,1,B
10:26:22,2034.20,3,B
10:26:22,2034.20,1,B
10:26:22,2034.20,1,B
10:26:22,2034.40,1,M
10:26:20,2034.30,1,B
10:26:20,2034.40,1,B
10:26:20,2034.40,1,B
10:26:20,2034.40,1,B
10:26:18,2034.40,3,B
10:26:17,2034.40,1,B
10:26:17,2034.40,1,B
10:26:15,2034.40,1,B
10:26:15,2034.40,1,B
10:26:12,2034.40,2,B
10:26:12,2034.40,1,B
10:26:12,2034.50,1,B
10:26:11,2034.40,2,B
10:26:11,2034.50,3,B
10:26:10,2034.40,1,B
10:26:10,2034.40,1,B
10:26:09,2034.40,1,B
10:26:09,2034.70,1,M
10:26:09,2034.50,1,B
10:26:08,2034.50,1,B
10:26:08,2034.50,2,B
10:26:08,2034.50,1,B
10:26:08,2034.50,1,B
10:26:08,2034.60,1,B
10:26:07,2034.90,3,M
10:26:07,2034.90,1,M
10:26:07,2034.90,1,M
10:26:07,2034.90,1,M
10:26:07,2034.90,1,M
10:26:07,2034.80,1,M
10:26:07,2034.70,1,M
10:26:07,2034.70,1,M
10:26:07,2034.50,1,B
10:26:06,2034.50,8,B
10:26:06,2034.50,4,B
10:26:06,2034.70,2,M
10:26:06,2034.50,4,B
10:26:06,2034.60,1,B
10:26:06,2034.60,1,B
10:26:06,2034.60,6,B
10:26:06,2034.60,1,B
10:26:06,2034.70,1,B
10:26:06,2034.70,1,B
10:26:06,2034.70,1,B
10:26:06,2034.70,1,B
10:26:06,2034.70,1,B
10:26:05,2034.70,1,B
10:26:04,2034.70,1,B
10:26:03,2034.90,1,M
10:26:01,2034.90,1,M
10:26:01,2034.90,1,M
10:26:01,2034.70,5,B
10:26:00,2034.80,1,M
10:25:59,2034.80,1,M
10:25:57,2034.90,1,M
10:25:57,2034.90,1,M
10:25:57,2034.90,1,M
10:25:57,2034.90,1,M
10:25:57,2034.90,1,M
10:25:57,2034.70,2,M
10:25:56,2034.60,1,B
10:25:56,2034.50,2,B
10:25:53,2034.50,1,B
10:25:53,2034.50,10,B
10:25:50,2034.90,1,M
10:25:49,2034.50,1,B
10:25:49,2034.60,1,B
10:25:47,2034.50,1,B
10:25:47,2034.50,2,B
10:25:47,2034.60,2,B
10:25:46,2034.90,5,M
10:25:46,2034.90,5,M
10:25:46,2034.60,1,B
10:25:46,2034.60,9,B
10:25:46,2034.60,3,B
10:25:44,2034.90,1,M
10:25:43,2034.60,2,B
10:25:42,2034.60,1,B
10:25:42,2034.60,1,B
10:25:41,2034.60,1,B
10:25:39,2034.50,2,B
10:25:38,2034.90,1,M
10:25:38,2034.50,3,B
10:25:38,2034.50,1,B
10:25:38,2034.50,1,B
10:25:38,2034.70,1,B
10:25:38,2034.70,4,B
10:25:38,2034.80,1,B
10:25:38,2034.80,3,B
10:25:38,2034.90,3,B
10:25:33,2034.90,1,B
10:25:33,2034.90,1,B
10:25:30,2035.00,6,B
10:25:30,2035.00,1,B
10:25:30,2035.00,2,B
10:25:29,2035.00,5,B
10:25:29,2035.00,1,B
10:25:29,2035.20,1,M
10:25:28,2035.00,1,B
10:25:27,2035.00,2,B
10:25:26,2035.00,1,B
10:25:25,2035.30,1,M
10:25:25,2035.30,6,M
10:25:25,2035.20,3,M
10:25:25,2034.90,1,B
10:25:25,2034.90,1,B
10:25:24,2035.00,1,B
10:25:24,2035.20,1,M
10:25:23,2035.00,1,M
10:25:23,2035.00,1,M
10:25:22,2034.90,1,B
10:25:22,2034.70,1,B
10:25:22,2034.80,1,B
10:25:22,2034.80,1,B
10:25:21,2034.70,2,B
10:25:21,2034.80,3,B
10:25:21,2034.90,1,B
10:25:21,2034.90,1,B
10:25:21,2035.00,1,B
10:25:21,2035.00,1,B
10:25:21,2035.00,1,B
10:25:21,2035.00,2,B
10:25:21,2035.10,1,M
10:25:20,2035.00,1,B
10:25:20,2035.30,3,M
10:25:20,2035.00,2,B
10:25:20,2035.10,1,B
10:25:20,2035.20,1,M
10:25:20,2035.10,1,B
10:25:19,2035.10,1,B
10:25:19,2035.30,1,M
10:25:19,2035.20,1,M
10:25:18,2035.10,1,B
10:25:18,2035.10,1,B
10:25:18,2035.20,1,B
10:25:17,2035.20,1,B
10:25:16,2035.30,1,M
10:25:15,2035.30,17,B
10:25:15,2035.40,1,B
10:25:15,2035.40,1,B
10:25:15,2035.70,1,M
10:25:14,2035.30,3,B
10:25:11,2035.70,2,M
10:25:11,2035.70,1,M
10:25:10,2035.70,4,M
10:25:09,2035.80,1,M
10:25:09,2035.80,1,M
10:25:09,2035.60,1,M
10:25:09,2035.60,1,M
10:25:09,2035.50,1,M
10:25:09,2035.50,1,M
10:25:08,2035.80,1,M
10:25:08,2035.70,1,M
10:25:08,2035.70,1,M
10:25:08,2035.70,1,M
10:25:08,2035.30,1,B
10:25:08,2035.30,1,B
10:25:08,2035.30,1,B
10:25:08,2035.40,1,B
10:25:08,2035.50,1,B
10:25:08,2035.50,2,B
10:25:08,2035.70,1,M
10:25:07,2035.90,4,M
10:25:07,2035.80,1,B
10:25:05,2035.90,1,M
10:25:05,2035.90,1,M
10:25:05,2035.90,1,M
10:25:05,2035.90,1,M
10:25:05,2035.90,1,M
10:25:05,2035.80,1,M
10:25:05,2035.80,1,M
10:25:05,2035.80,1,M
10:25:05,2035.80,2,M
10:25:05,2035.80,2,M
10:25:04,2035.30,2,B
10:25:04,2035.30,2,B
10:25:04,2035.80,1,M
10:25:04,2035.80,1,M
10:25:04,2035.60,2,M
10:25:04,2035.60,1,M
10:25:04,2035.60,1,M
10:25:04,2035.60,2,M
10:25:04,2035.60,1,M
10:25:04,2035.50,1,M
10:25:04,2035.50,3,M
10:25:04,2035.50,6,B
10:25:03,2035.60,1,M
10:25:03,2035.60,1,M
10:25:03,2035.50,3,M
10:25:02,2035.50,1,M
10:25:02,2035.10,1,B
10:25:01,2035.10,1,B
10:25:01,2035.50,1,M
10:25:01,2035.50,1,M
10:25:01,2035.40,2,M
10:25:01,2035.40,1,M
10:25:01,2035.40,1,M
10:25:01,2035.40,1,M
10:25:01,2035.40,1,M
10:25:00,2035.20,1,B
10:25:00,2035.30,1,B
10:25:00,2035.30,2,M
10:25:00,2035.30,1,M
10:24:59,2035.00,1,B
10:24:59,2035.00,1,B
10:24:59,2035.00,1,B
10:24:59,2035.00,1,M
10:24:59,2035.00,1,M
10:24:58,2035.00,1,M
10:24:56,2035.00,1,M
10:24:55,2035.00,1,B
10:24:54,2035.00,1,B
10:24:54,2035.00,1,B
10:24:53,2035.00,2,B
10:24:53,2035.30,1,M
10:24:52,2035.00,1,M
10:24:52,2035.00,1,M
10:24:52,2035.00,1,M
10:24:52,2035.00,24,M
10:24:52,2034.80,1,B
10:24:51,2034.80,1,B
10:24:51,2035.00,1,M
10:24:50,2035.00,1,M
10:24:49,2035.00,3,M
10:24:48,2034.80,1,B
10:24:47,2035.00,10,M
10:24:47,2034.80,3,B
10:24:47,2035.00,1,B
10:24:46,2035.20,17,M
10:24:46,2035.20,1,M
10:24:46,2034.80,1,B
10:24:46,2034.80,1,B
10:24:45,2034.80,1,B
10:24:45,2035.00,1,B
10:24:45,2035.00,1,B
10:24:45,2035.00,1,B
10:24:45,2035.20,1,M
10:24:45,2035.00,2,B
10:24:45,2035.00,2,B
10:24:45,2035.10,1,B
10:24:44,2035.20,1,B
10:24:44,2035.20,1,B
10:24:44,2035.40,1,M
10:24:44,2035.40,1,M
10:24:43,2035.40,1,M
10:24:43,2035.40,1,M
10:24:43,2035.40,1,M
10:24:43,2035.30,7,M
10:24:43,2035.20,2,B
10:24:43,2035.20,1,B
10:24:43,2035.30,1,M
10:24:43,2035.30,1,M
10:24:42,2035.20,1,B
10:24:42,2035.30,2,B
10:24:42,2035.30,3,B
10:24:42,2035.30,5,B
10:24:42,2035.30,8,B
10:24:42,2035.30,2,B
10:24:42,2035.40,9,M
10:24:42,2035.40,1,M
10:24:41,2035.40,1,M
10:24:41,2035.40,1,M
10:24:41,2035.40,5,M
10:24:41,2035.30,1,B
10:24:40,2035.40,1,M
10:24:40,2035.40,1,M
10:24:40,2035.30,1,B
10:24:40,2035.60,3,M
10:24:39,2035.60,4,M
10:24:39,2035.60,1,M
10:24:39,2035.60,4,M
10:24:39,2035.40,1,M
10:24:39,2035.40,2,M
10:24:38,2035.30,1,B
10:24:38,2035.30,1,B
10:24:37,2035.40,15,M
10:24:37,2035.40,12,B
10:24:37,2035.40,1,B
10:24:37,2035.50,1,B
10:24:37,2035.50,1,B
10:24:36,2035.60,1,M
10:24:36,2035.60,5,B
10:24:36,2035.60,2,B
10:24:35,2035.80,1,M
10:24:35,2035.80,1,M
10:24:35,2035.60,1,M
10:24:34,2035.60,1,M
10:24:33,2035.60,3,B
10:24:33,2035.60,10,B
10:24:33,2035.60,5,B
10:24:33,2035.60,1,B
10:24:33,2035.60,1,B
10:24:33,2035.60,1,B
10:24:31,2035.60,1,B
10:24:31,2035.70,1,B
10:24:31,2035.80,1,B
10:24:31,2036.00,1,B
10:24:31,2036.00,2,M
10:24:31,2036.00,1,M
10:24:30,2036.10,1,M
10:24:30,2035.60,1,B
10:24:30,2035.60,7,B
10:24:30,2035.90,1,B
10:24:30,2035.90,2,B
10:24:30,2036.00,5,B
10:24:30,2036.10,1,B
10:24:30,2036.10,1,B
10:24:30,2036.20,2,M
10:24:30,2036.10,1,B
10:24:30,2036.10,1,B
10:24:29,2036.20,1,M
10:24:29,2036.10,1,M
10:24:29,2036.00,1,B
10:24:29,2036.00,3,B
10:24:29,2036.00,1,B
10:24:28,2036.00,1,B
10:24:28,2036.20,1,M
10:24:28,2036.00,1,B
10:24:28,2036.20,1,M
10:24:28,2036.20,9,M
10:24:28,2036.20,1,M
10:24:28,2036.00,1,B
10:24:28,2036.00,1,B
10:24:28,2036.00,1,B
10:24:28,2036.00,1,B
10:24:28,2036.00,2,B
10:24:28,2036.00,1,B
10:24:27,2036.10,1,M
10:24:27,2036.00,1,B
10:24:27,2036.00,1,B
10:24:27,2036.00,1,B
10:24:27,2036.00,2,B
10:24:27,2036.20,1,M
10:24:26,2036.00,1,B
10:24:26,2036.10,1,M
10:24:26,2036.00,1,B
10:24:26,2036.00,1,B
10:24:26,2036.20,1,M
10:24:26,2036.20,1,M
10:24:26,2036.20,1,M
10:24:26,2036.10,1,M
10:24:26,2036.10,1,M
10:24:26,2036.10,2,M
10:24:25,2036.10,1,M
10:24:25,2036.00,1,B
10:24:25,2036.00,1,B
10:24:25,2036.00,3,B
10:24:25,2036.00,1,B
10:24:25,2036.00,1,B
10:24:25,2036.10,1,M
10:24:25,2036.00,1,B
10:24:25,2036.00,1,M
10:24:25,2036.00,1,M
10:24:25,2036.00,1,M
10:24:25,2036.00,4,M
10:24:25,2036.00,5,M
10:24:25,2036.00,3,M
10:24:25,2036.00,2,M
10:24:25,2036.00,1,M
10:24:25,2036.00,1,M
10:24:25,2036.00,1,M
10:24:25,2036.00,1,M
10:24:25,2036.00,1,M
10:24:25,2036.00,1,M
10:24:25,2036.00,1,M
10:24:24,2035.90,1,B
10:24:24,2036.00,1,M
10:24:24,2036.00,3,M
10:24:24,2036.00,7,M
10:24:24,2035.90,1,B
10:24:24,2036.00,1,M
10:24:24,2036.00,2,M
10:24:24,2036.00,2,M
10:24:24,2036.00,1,M
10:24:23,2036.00,1,M
10:24:23,2035.90,1,B
10:24:23,2036.00,1,M
10:24:23,2036.00,2,M
10:24:23,2036.00,1,M
10:24:23,2036.00,1,M
10:24:23,2036.00,2,M
10:24:23,2036.00,1,M
10:24:23,2036.00,1,M
10:24:23,2036.00,1,M
10:24:23,2036.00,1,M
10:24:23,2036.00,1,M
10:24:23,2036.00,1,M
10:24:23,2036.00,1,M
10:24:23,2036.00,2,M
10:24:23,2036.00,1,M
10:24:23,2036.00,2,M
10:24:23,2036.00,1,M
10:24:23,2036.00,1,M
10:24:23,2036.00,1,M
10:24:23,2036.00,1,M
10:24:22,2035.60,5,B
10:24:22,2035.60,1,B
10:24:22,2036.00,9,M
10:24:22,2036.00,1,M
10:24:22,2035.70,1,B
10:24:22,2036.00,1,M
10:24:22,2036.00,1,M
10:24:22,2035.70,1,B
10:24:22,2036.00,2,M
10:24:22,2035.90,3,M
10:24:22,2035.90,1,M
10:24:22,2035.90,1,M
10:24:22,2035.90,1,M
10:24:22,2035.90,2,M
10:24:22,2035.90,2,M
10:24:22,2035.90,1,M
10:24:22,2035.90,9,M
10:24:22,2035.90,10,M
10:24:21,2035.60,1,B
10:24:21,2035.90,2,M
10:24:21,2035.80,3,M
10:24:21,2035.80,2,M
10:24:21,2035.80,2,M
10:24:21,2035.50,1,B
10:24:21,2035.80,2,M
10:24:21,2035.80,2,M
10:24:21,2035.80,1,M
10:24:20,2035.90,5,M
10:24:20,2035.90,1,M
10:24:20,2035.80,1,M
10:24:20,2035.80,5,M
10:24:20,2035.80,1,M
10:24:20,2035.80,2,M
10:24:20,2035.80,6,M
10:24:20,2035.80,1,M
10:24:20,2035.80,1,M
10:24:20,2035.70,1,M
10:24:20,2035.70,2,M
10:24:20,2035.60,1,M
10:24:20,2035.60,1,M
10:24:20,2035.60,2,M
10:24:20,2035.60,2,M
10:24:20,2035.50,1,M
10:24:20,2035.50,1,M
10:24:20,2035.50,1,M
10:24:20,2035.50,50,M
10:24:20,2035.50,2,M
10:24:20,2035.50,1,M
10:24:20,2035.50,1,M
10:24:20,2035.50,1,M
10:24:20,2035.50,3,M
10:24:20,2035.50,1,M
10:24:20,2035.40,1,M
10:24:20,2035.40,5,M
10:24:20,2035.40,1,M
10:24:20,2035.30,1,M
10:24:20,2035.30,6,M
10:24:20,2035.30,1,M
10:24:20,2035.30,1,M
10:24:20,2035.30,1,M
10:24:20,2035.20,19,M
10:24:20,2035.10,1,M
10:24:20,2035.10,1,M
10:24:20,2035.20,1,M
10:24:20,2035.20,1,M
10:24:20,2035.20,1,M
10:24:20,2035.20,1,M
10:24:20,2035.10,2,M
10:24:20,2035.00,5,M
10:24:20,2035.00,3,M
10:24:20,2035.00,1,M
10:24:19,2035.00,1,M
10:24:19,2035.00,1,M
10:24:19,2035.00,1,M
10:24:19,2035.00,1,M
10:24:19,2035.00,1,M
10:24:19,2035.00,1,M
10:24:19,2035.00,1,M
10:24:18,2035.00,2,M
10:24:18,2035.00,1,M
10:24:18,2035.00,1,M
10:24:18,2035.00,2,M
10:24:18,2035.00,26,M
10:24:18,2035.00,6,M
10:24:18,2035.00,1,M
10:24:18,2035.00,1,M
10:24:18,2035.00,20,M
10:24:18,2035.00,1,M
10:24:18,2035.00,1,M
10:24:18,2035.00,1,M
10:24:18,2035.00,1,M
10:24:18,2035.00,5,M
10:24:18,2035.00,1,M
10:24:18,2035.00,1,M
10:24:18,2035.00,1,M
10:24:18,2035.00,1,M
10:24:18,2034.80,1,M
10:24:18,2034.60,2,B
10:24:17,2035.00,1,M
10:24:17,2034.80,1,M
10:24:17,2034.90,1,B
10:24:17,2035.00,1,M
10:24:17,2035.00,2,M
10:24:17,2035.00,1,M
10:24:17,2035.00,1,M
10:24:17,2035.00,1,M
10:24:17,2034.90,1,M
10:24:17,2034.90,1,M
10:24:17,2034.90,1,M
10:24:17,2034.80,1,M
10:24:17,2034.80,2,M
10:24:17,2034.80,3,M
10:24:17,2034.90,2,M
10:24:17,2034.90,1,M
10:24:17,2034.90,2,M
10:24:17,2034.90,1,M
10:24:17,2034.90,1,M
10:24:16,2034.90,1,M
10:24:16,2034.80,1,M
10:24:16,2034.80,1,M
10:24:16,2034.80,10,M
10:24:15,2034.80,1,M
10:24:14,2034.80,1,M
10:24:13,2034.60,1,B
10:24:13,2034.60,1,B
10:24:12,2034.60,1,B
10:24:12,2034.80,2,M
10:24:12,2034.80,1,M
10:24:12,2034.80,2,M
10:24:12,2034.70,5,M
10:24:12,2034.70,2,M
10:24:12,2034.70,1,M
10:24:12,2034.70,1,M
10:24:12,2034.70,1,M
10:24:12,2034.60,1,B
10:24:12,2034.70,2,M
10:24:12,2034.70,1,M
10:24:11,2034.70,1,M
10:24:11,2034.60,1,M
10:24:10,2034.60,1,M
10:24:09,2034.50,5,B
10:24:09,2034.60,1,B
10:24:08,2034.60,1,M
10:24:08,2034.50,1,B
10:24:08,2034.60,1,M
10:24:08,2034.60,2,M
10:24:08,2034.60,1,M
10:24:07,2034.60,7,M
10:24:07,2034.60,1,M
10:24:07,2034.60,1,M
10:24:07,2034.60,1,M
10:24:07,2034.60,1,M
10:24:07,2034.50,22,M
10:24:07,2034.40,2,B
10:24:06,2034.50,1,M
10:24:06,2034.50,2,M
10:24:06,2034.50,2,M
10:24:05,2034.40,2,B
10:24:05,2034.40,1,M
10:24:04,2034.20,1,B
10:24:04,2034.30,2,B
10:24:03,2034.50,5,M
10:24:03,2034.50,1,M
10:24:03,2034.40,1,M
10:24:03,2034.40,1,M
10:24:03,2034.30,2,M
10:24:02,2034.40,1,M
10:24:01,2034.40,10,M
10:24:00,2034.40,1,M
10:24:00,2034.20,1,B
10:24:00,2034.20,1,B
10:24:00,2034.20,1,B
10:24:00,2034.20,1,B
10:24:00,2034.30,1,B
10:23:59,2034.30,1,B
10:23:59,2034.60,2,M
10:23:59,2034.10,1,B
10:23:59,2034.10,1,B
10:23:59,2034.20,1,B
10:23:59,2034.70,1,M
10:23:58,2034.40,1,B
10:23:58,2034.70,1,M
10:23:58,2034.70,1,M
10:23:58,2034.70,1,M
10:23:58,2034.70,3,M
10:23:58,2034.60,5,M
10:23:58,2034.60,1,M
10:23:58,2034.20,1,B
10:23:58,2034.60,2,M
10:23:57,2034.20,1,B
10:23:57,2034.60,1,M
10:23:56,2034.70,3,M
10:23:56,2034.60,1,M
10:23:56,2034.60,1,M
10:23:55,2034.60,1,B
10:23:55,2034.70,3,M
10:23:55,2034.70,2,M
10:23:55,2034.70,2,M
10:23:55,2034.70,1,M
10:23:55,2034.60,1,B
10:23:55,2034.70,1,M
10:23:55,2034.70,2,M
10:23:55,2034.70,1,M
10:23:55,2034.70,1,M
10:23:55,2034.70,1,M
10:23:54,2034.60,1,M
10:23:54,2034.60,1,M
10:23:54,2034.60,1,M
10:23:54,2034.50,1,M
10:23:54,2034.50,1,M
10:23:54,2034.50,1,M
10:23:54,2034.50,1,M
10:23:54,2034.40,1,M
10:23:54,2034.40,4,M
10:23:54,2034.20,1,B
10:23:54,2034.40,1,M
10:23:54,2034.40,1,M
10:23:54,2034.30,2,M
10:23:54,2034.00,5,B
10:23:54,2034.30,1,M
10:23:54,2034.30,2,M
10:23:54,2034.30,1,M
10:23:54,2034.30,1,M
10:23:54,2034.20,1,M
10:23:54,2034.20,2,M
10:23:54,2034.20,2,M
10:23:54,2034.20,1,M
10:23:54,2034.20,1,M
10:23:54,2034.20,1,M
10:23:54,2034.20,1,M
10:23:54,2034.20,2,M
10:23:54,2034.10,2,M
10:23:53,2034.20,1,M
10:23:53,2034.10,1,M
10:23:53,2034.10,1,M
10:23:53,2034.10,1,M
10:23:53,2034.00,1,M
10:23:53,2034.00,1,M
10:23:53,2034.00,1,M
10:23:53,2034.00,1,M
10:23:53,2034.00,2,M
10:23:53,2034.00,1,M
10:23:53,2034.00,1,M
10:23:53,2034.00,1,M
10:23:53,2034.00,9,M
10:23:53,2034.00,1,M
10:23:53,2034.00,5,M
10:23:53,2034.00,1,M
10:23:53,2034.00,1,M
10:23:53,2034.00,1,M
10:23:53,2034.00,2,M
10:23:53,2033.90,1,M
10:23:53,2033.90,1,M
10:23:53,2033.90,1,M
10:23:53,2033.90,1,M
10:23:53,2033.90,1,M
10:23:53,2033.90,14,M
10:23:53,2033.90,2,M
10:23:52,2033.90,4,M
10:23:52,2033.80,1,M
10:23:52,2033.70,1,B
10:23:50,2033.90,1,M
10:23:50,2033.90,1,M
10:23:50,2033.90,1,M
10:23:50,2033.90,1,M
10:23:49,2033.90,1,M
10:23:49,2033.90,1,M
10:23:49,2033.90,1,M
10:23:49,2033.90,1,M
10:23:49,2033.90,5,M
10:23:48,2033.70,1,B
10:23:48,2033.90,3,M
10:23:48,2033.80,1,M
10:23:47,2033.80,1,M
10:23:47,2033.80,1,M
10:23:47,2033.70,2,M
10:23:45,2033.70,2,M
10:23:42,2033.70,1,M
10:23:41,2033.50,1,B
10:23:40,2033.90,3,M
10:23:40,2033.80,1,M
10:23:40,2033.80,5,M
10:23:40,2033.80,1,M
10:23:40,2033.50,1,B
10:23:40,2033.50,4,B
10:23:40,2033.80,1,M
10:23:38,2033.80,2,M
10:23:38,2033.50,1,B
10:23:38,2033.80,1,M
10:23:37,2033.80,1,M
10:23:36,2033.50,1,B
10:23:36,2033.80,1,M
10:23:36,2033.80,1,M
10:23:36,2033.60,1,M
10:23:33,2033.50,1,B
10:23:32,2033.50,1,B
10:23:30,2033.50,1,B
10:23:29,2033.60,6,M
10:23:29,2033.50,1,B
10:23:28,2033.50,1,B
10:23:28,2033.60,7,B
10:23:28,2033.60,1,B
10:23:27,2033.70,1,M
10:23:26,2033.60,2,B
10:23:24,2033.80,1,M
10:23:24,2033.80,1,M
10:23:24,2033.80,1,M
10:23:21,2033.80,10,M
10:23:20,2033.50,1,B
10:23:19,2033.80,9,M
10:23:19,2033.70,1,M
10:23:18,2033.70,1,M
10:23:17,2033.30,1,B
10:23:16,2033.70,1,M
10:23:16,2033.30,1,B
10:23:14,2033.80,1,M
10:23:14,2033.70,1,M
10:23:13,2033.30,1,B
10:23:12,2033.80,1,M
10:23:12,2033.80,1,M
10:23:12,2033.80,1,M
10:23:12,2033.80,1,M
10:23:12,2033.80,1,M
10:23:12,2033.60,1,M
10:23:12,2033.60,1,M
10:23:12,2033.50,2,M
10:23:12,2033.40,1,M
10:23:11,2033.30,1,B
10:23:09,2033.50,1,M
10:23:08,2033.30,1,B
10:23:07,2033.30,1,B
10:23:06,2033.20,1,B
10:23:06,2033.30,1,B
10:23:05,2033.50,1,M
10:23:04,2033.30,4,B
10:23:04,2033.40,1,B
10:23:02,2033.50,1,M
10:23:02,2033.40,4,M
10:23:02,2033.40,1,B
10:23:02,2033.40,1,B
10:23:01,2033.40,1,B
10:23:00,2033.50,1,B
10:23:00,2033.50,1,B
10:22:58,2033.90,3,M
10:22:58,2033.80,1,M
10:22:58,2033.80,5,M
10:22:58,2033.80,1,M
10:22:58,2033.30,10,B
10:22:58,2033.40,1,B
10:22:58,2033.40,10,B
10:22:58,2033.40,2,B
10:22:58,2033.40,1,B
10:22:57,2033.40,1,B
10:22:56,2033.50,1,M
10:22:56,2033.90,1,M
10:22:56,2033.90,1,M
10:22:55,2033.50,1,B
10:22:55,2033.50,1,B
10:22:55,2033.90,17,M
10:22:55,2033.80,1,M
10:22:55,2033.80,1,M
10:22:55,2033.80,1,M
10:22:55,2033.60,2,M
10:22:51,2033.80,4,M
10:22:50,2033.90,1,M
10:22:50,2033.80,1,M
10:22:50,2033.50,1,B
10:22:50,2033.60,1,B
10:22:49,2033.90,5,M
10:22:49,2033.80,1,M
10:22:49,2033.80,1,M
10:22:47,2033.90,6,M
10:22:47,2033.50,1,B
10:22:47,2033.60,1,B
10:22:46,2033.90,1,M
10:22:45,2033.90,2,M
10:22:45,2033.90,1,M
10:22:44,2033.90,8,M
10:22:44,2033.80,2,M
10:22:44,2033.90,2,M
10:22:43,2033.40,1,B
10:22:43,2033.90,1,M
10:22:43,2033.40,1,B
10:22:43,2033.40,1,B
10:22:43,2033.80,2,B
10:22:43,2033.80,2,B
10:22:43,2033.80,3,B
10:22:43,2033.80,1,B
10:22:43,2033.90,2,M
10:22:43,2033.90,1,M
10:22:43,2033.80,1,B
10:22:43,2033.80,54,B
10:22:43,2033.90,3,M
10:22:42,2033.80,1,B
10:22:42,2033.90,1,M
10:22:42,2033.80,2,B
10:22:42,2033.80,12,B
10:22:42,2033.80,8,B
10:22:42,2033.80,2,B
10:22:41,2033.80,1,M
10:22:41,2033.80,1,M
10:22:41,2033.80,1,M
10:22:41,2033.80,1,M
10:22:40,2033.80,1,M
10:22:40,2033.80,1,M
10:22:40,2033.80,1,M
10:22:40,2033.80,4,M
10:22:40,2033.80,5,M
10:22:40,2033.80,1,M
10:22:39,2033.80,11,M
10:22:39,2033.80,3,M
10:22:38,2033.80,1,M
10:22:38,2033.80,1,M
10:22:38,2033.80,2,M
10:22:38,2033.80,2,M
10:22:38,2033.80,2,M
10:22:38,2033.80,18,M
10:22:38,2033.80,2,M
10:22:38,2033.80,1,M
10:22:38,2033.80,2,M
10:22:38,2033.80,1,M
10:22:38,2033.70,2,M
10:22:38,2033.70,1,M
10:22:38,2033.70,1,M
10:22:38,2033.70,1,M
10:22:38,2033.70,1,M
10:22:38,2033.60,1,M
10:22:38,2033.60,1,M
10:22:38,2033.60,2,M
10:22:38,2033.60,1,M
10:22:37,2033.70,1,M
10:22:37,2033.60,1,M
10:22:37,2033.60,2,M
10:22:37,2033.60,2,M
10:22:37,2033.60,1,M
10:22:37,2033.50,1,M
10:22:37,2033.50,2,M
10:22:37,2033.30,1,M
10:22:37,2033.50,2,M
10:22:37,2033.50,1,M
10:22:37,2033.40,1,M
10:22:37,2033.40,1,M
10:22:37,2033.40,2,M
10:22:37,2033.40,2,M
10:22:37,2033.40,20,M
10:22:37,2033.40,1,M
10:22:37,2033.40,3,M
10:22:35,2033.40,1,M
10:22:35,2033.40,1,M
10:22:35,2033.40,1,M
10:22:35,2033.10,1,M
10:22:35,2033.10,1,M
10:22:34,2033.10,1,M
10:22:34,2033.20,1,B
10:22:34,2033.20,1,B
10:22:34,2033.30,2,M
10:22:34,2033.30,1,M
10:22:34,2033.20,2,B
10:22:34,2033.30,7,M
10:22:34,2033.30,1,M
10:22:34,2033.30,1,M
10:22:34,2033.30,1,M
10:22:34,2033.30,1,M
10:22:32,2033.30,1,M
10:22:32,2033.20,50,M
10:22:32,2033.20,1,M
10:22:32,2033.20,2,M
10:22:32,2033.20,2,M
10:22:32,2033.20,2,M
10:22:32,2033.20,32,M
10:22:32,2033.10,1,B
10:22:32,2033.20,5,M
10:22:32,2033.20,1,M
10:22:31,2033.20,2,M
10:22:31,2033.20,1,M
10:22:30,2033.20,1,M
10:22:29,2033.20,1,M
10:22:29,2033.10,1,B
10:22:28,2033.20,4,M
10:22:27,2033.10,4,M
10:22:27,2033.10,1,M
10:22:27,2033.10,10,M
10:22:26,2033.10,2,M
10:22:26,2033.10,3,M
10:22:26,2033.10,2,M
10:22:25,2033.10,1,M
10:22:24,2033.00,2,B
10:22:23,2033.00,1,B
10:22:23,2033.10,17,M
10:22:23,2033.10,1,M
10:22:23,2033.10,2,M
10:22:23,2033.10,14,M
10:22:21,2033.10,1,B
10:22:21,2033.20,3,M
10:22:21,2033.20,2,M
10:22:21,2033.20,1,M
10:22:20,2033.20,1,M
10:22:20,2033.20,1,M
10:22:19,2033.10,1,M
10:22:19,2033.20,1,M
10:22:19,2033.20,1,M
10:22:18,2033.10,1,M
10:22:18,2033.10,2,M
10:22:18,2033.10,2,M
10:22:18,2033.10,1,M
10:22:18,2033.10,1,M
10:22:18,2033.10,1,M
10:22:18,2033.10,1,M
10:22:18,2033.10,2,M
10:22:18,2033.00,1,M
10:22:18,2033.00,1,M
10:22:18,2033.00,1,M
10:22:17,2033.00,8,M
10:22:17,2033.00,1,M
10:22:17,2033.00,1,M
10:22:17,2033.00,2,M
10:22:17,2033.00,1,M
10:22:17,2033.00,1,M
10:22:17,2033.00,1,M
10:22:17,2033.00,4,M
10:22:17,2033.00,1,M
10:22:17,2033.00,1,M
10:22:17,2033.00,1,M
10:22:17,2033.00,1,M
10:22:17,2033.00,1,M
10:22:17,2033.00,2,M
10:22:17,2033.00,1,M
10:22:17,2033.00,1,M
10:22:17,2033.00,3,M
10:22:17,2032.90,1,M
10:22:17,2032.90,6,M
10:22:17,2032.90,2,M
10:22:16,2032.90,8,M
10:22:16,2032.90,1,M
10:22:16,2032.90,1,M
10:22:16,2032.80,1,B
10:22:15,2032.80,3,M
10:22:15,2032.80,9,M
10:22:15,2032.80,1,M
10:22:15,2032.80,1,M
10:22:15,2032.80,1,M
10:22:15,2032.80,5,M
10:22:15,2032.80,1,M
10:22:15,2032.70,5,M
10:22:15,2032.70,1,M
10:22:15,2032.70,2,M
10:22:15,2032.70,1,M
10:22:15,2032.50,1,M
10:22:14,2032.40,1,B
10:22:13,2032.40,1,B
10:22:09,2032.50,1,B
10:22:09,2032.40,1,B
10:22:08,2032.60,3,B
10:22:07,2032.60,1,M
10:22:07,2032.60,1,M
10:22:07,2032.60,1,M
10:22:07,2032.60,1,M
10:22:07,2032.60,1,M
10:22:07,2032.60,1,M
10:22:07,2032.60,2,M
10:22:07,2032.60,1,M
10:22:07,2032.60,4,M
10:22:07,2032.60,2,M
10:22:06,2032.60,11,M
10:22:06,2032.40,1,B
10:22:06,2032.40,1,B
10:22:06,2032.50,1,B
10:22:06,2032.50,1,B
10:22:05,2032.60,2,M
10:22:02,2032.60,1,M
10:21:59,2032.60,2,M
10:21:55,2032.60,2,M
10:21:55,2032.60,8,M
10:21:55,2032.60,1,M
10:21:49,2032.60,1,M
10:21:49,2032.40,3,B
10:21:49,2032.50,5,B
10:21:48,2032.60,1,B
10:21:48,2032.60,1,B
10:21:48,2032.60,8,B
10:21:46,2032.70,3,B
10:21:46,2032.70,2,B
10:21:45,2032.70,1,B
10:21:45,2032.70,3,M
10:21:45,2032.70,2,M
10:21:45,2032.70,2,M
10:21:43,2032.70,2,M
10:21:39,2032.70,1,M
10:21:36,2032.60,1,M
10:21:35,2032.60,1,B
10:21:34,2032.80,9,M
10:21:34,2032.70,1,M
10:21:33,2032.80,1,M
10:21:32,2032.70,2,M
10:21:29,2032.80,1,M
10:21:29,2032.80,1,M
10:21:28,2032.60,1,M
10:21:28,2032.60,4,M
10:21:28,2032.60,1,M
10:21:28,2032.60,1,M
10:21:28,2032.60,1,M
10:21:28,2032.60,2,M
10:21:28,2032.60,1,M
10:21:28,2032.60,1,M
10:21:28,2032.60,1,M
10:21:28,2032.60,1,M
10:21:28,2032.60,1,M
10:21:28,2032.60,1,M
10:21:28,2032.60,1,M
10:21:28,2032.60,1,M
10:21:28,2032.60,1,M
10:21:27,2032.50,1,M
10:21:27,2032.50,3,M
10:21:27,2032.50,1,M
10:21:27,2032.50,3,M
10:21:27,2032.50,5,M
10:21:27,2032.50,5,M
10:21:26,2032.30,2,B
10:21:26,2032.30,1,B
10:21:25,2032.50,1,M
10:21:23,2032.30,15,B
10:21:22,2032.50,1,M
10:21:19,2032.30,2,B
10:21:18,2032.50,1,M
10:21:16,2032.40,2,M
10:21:15,2032.40,2,M
10:21:15,2032.30,2,B
10:21:14,2032.30,2,B
10:21:13,2032.50,10,M
10:21:11,2032.50,2,B
10:21:10,2032.60,1,M
10:21:08,2032.40,1,B
10:21:07,2032.50,1,M
10:21:06,2032.40,1,B
10:21:06,2032.40,1,B
10:21:06,2032.50,1,B
10:21:06,2032.50,1,B
10:21:02,2032.80,1,M
10:21:01,2032.80,1,M
10:20:53,2032.80,1,M
10:20:52,2032.80,3,M
10:20:52,2032.70,6,M
10:20:52,2032.50,1,M
10:20:52,2032.30,1,B
10:20:52,2032.30,1,B
10:20:51,2032.30,1,B
10:20:50,2032.80,1,M
10:20:48,2032.80,2,M
10:20:45,2032.30,5,B
10:20:45,2032.40,1,B
10:20:45,2032.50,2,B
10:20:45,2032.50,1,B
10:20:45,2032.60,1,B
10:20:45,2032.80,2,M
10:20:45,2032.80,2,M
10:20:45,2032.80,1,M
10:20:44,2032.80,1,M
10:20:44,2032.80,3,M
10:20:43,2032.80,1,M
10:20:40,2032.30,1,B
10:20:40,2032.40,1,B
10:20:40,2032.40,1,B
10:20:40,2032.80,4,M
10:20:40,2032.60,1,M
10:20:40,2032.80,12,M
10:20:40,2032.60,5,M
10:20:39,2032.60,1,B
10:20:39,2032.60,1,B
10:20:39,2032.80,4,M
10:20:39,2032.70,1,M
10:20:39,2032.70,10,M
10:20:39,2032.60,1,B
10:20:39,2032.60,1,B
10:20:38,2032.70,1,M
10:20:37,2032.60,1,M
10:20:37,2032.60,1,M
10:20:36,2032.60,1,B
10:20:36,2032.60,1,M
10:20:36,2032.60,1,M
10:20:36,2032.60,1,M
10:20:36,2032.50,1,B
10:20:35,2032.60,1,M
10:20:31,2032.60,3,M
10:20:31,2032.60,7,M
10:20:28,2032.60,1,M
10:20:27,2032.60,1,M
10:20:27,2032.60,1,M
10:20:27,2032.70,9,M
10:20:27,2032.70,1,M
10:20:26,2032.70,1,M
10:20:26,2032.60,1,M
10:20:26,2032.60,3,M
10:20:26,2032.60,1,M
10:20:26,2032.60,1,M
10:20:26,2032.60,2,M
10:20:26,2032.60,1,M
10:20:26,2032.50,1,M
10:20:26,2032.50,1,M
10:20:26,2032.50,1,B
10:20:26,2032.60,1,M
10:20:24,2032.60,1,M
10:20:21,2032.60,1,M
10:20:18,2032.60,1,M
10:20:18,2032.60,1,M
10:20:17,2032.50,1,B
10:20:16,2032.80,1,M
10:20:15,2032.80,1,M
10:20:15,2032.80,1,M
10:20:15,2032.80,1,M
10:20:15,2032.80,1,M
10:20:15,2032.80,4,M
10:20:15,2032.80,1,M
10:20:15,2032.70,1,M
10:20:15,2032.70,1,M
10:20:15,2032.70,1,M
10:20:15,2032.70,6,M
10:20:15,2032.70,1,M
10:20:15,2032.60,1,M
10:20:15,2032.60,1,M
10:20:10,2032.50,1,M
10:20:10,2032.50,1,M
10:20:10,2032.50,1,M
10:20:10,2032.40,2,M
10:20:10,2032.30,1,M
10:20:10,2032.30,1,M
10:20:10,2032.30,1,M
10:20:10,2032.30,1,M
10:20:10,2032.30,1,M
10:20:10,2032.30,1,M
10:20:10,2032.00,1,B
10:20:10,2032.00,1,B
10:20:10,2032.00,2,B
10:20:09,2032.30,1,M
10:20:07,2032.30,1,M
10:20:03,2032.00,1,B
10:20:03,2032.40,1,M
10:20:02,2032.40,2,M
10:20:02,2032.40,1,M
10:20:02,2032.30,3,M
10:20:01,2032.30,2,M
10:20:01,2032.30,1,M
10:20:01,2032.30,3,M
10:20:01,2032.30,6,M
10:20:01,2032.30,1,M
10:20:01,2032.20,5,M
10:20:00,2032.30,1,M
10:19:58,2032.30,2,M
10:19:55,2032.30,1,M
10:19:53,2032.30,3,M
10:19:53,2032.20,4,M
10:19:49,2032.20,1,M
10:19:49,2032.20,9,M
10:19:46,2032.20,3,M
10:19:45,2032.10,1,M
10:19:44,2031.70,1,B
10:19:44,2031.70,1,B
10:19:43,2031.70,1,B
10:19:42,2031.70,1,B
10:19:42,2031.70,1,B
10:19:42,2031.70,1,B
10:19:42,2031.70,2,B
10:19:41,2031.70,1,B
10:19:41,2031.70,1,B
10:19:40,2032.00,1,B
10:19:37,2032.40,1,M
10:19:37,2032.00,3,B
10:19:37,2032.10,1,B
10:19:37,2032.40,1,M
10:19:35,2032.40,3,M
10:19:35,2032.30,16,M
10:19:35,2032.20,1,M
10:19:34,2032.20,1,M
10:19:34,2032.20,1,B
10:19:34,2032.30,4,B
10:19:31,2032.40,10,M
10:19:29,2032.40,1,M
10:19:29,2032.40,1,M
10:19:29,2032.40,1,M
10:19:29,2032.70,2,M
10:19:29,2032.60,1,M
10:19:29,2032.60,1,M
10:19:29,2032.50,1,M
10:19:28,2032.50,1,M
10:19:28,2032.50,4,M
10:19:28,2032.50,1,M
10:19:28,2032.50,4,M
10:19:27,2032.30,1,M
10:19:27,2032.30,50,M
10:19:27,2032.30,1,M
10:19:27,2032.30,1,M
10:19:27,2032.30,16,M
10:19:27,2032.20,1,B
10:19:26,2031.90,2,M
10:19:26,2031.90,1,B
10:19:26,2031.90,1,B
10:19:26,2031.90,1,B
10:19:25,2032.30,1,M
10:19:25,2032.30,1,M
10:19:25,2032.20,2,M
10:19:25,2032.20,2,M
10:19:25,2032.20,1,M
10:19:25,2032.20,3,M
10:19:25,2032.20,2,M
10:19:25,2032.20,10,M
10:19:25,2032.10,5,M
10:19:25,2032.10,2,M
10:19:25,2032.10,1,M
10:19:25,2032.00,3,M
10:19:25,2032.00,1,M
10:19:25,2032.00,10,M
10:19:25,2032.00,1,M
10:19:25,2032.00,4,M
10:19:25,2032.00,1,M
10:19:25,2032.00,2,M
10:19:25,2032.00,1,M
10:19:25,2032.00,1,M
10:19:25,2032.00,3,M
10:19:25,2032.00,1,M
10:19:25,2032.00,12,M
10:19:24,2031.90,1,B
10:19:24,2032.00,4,M
10:19:24,2032.00,2,M
10:19:24,2032.00,18,M
10:19:24,2032.00,1,M
10:19:24,2032.00,1,M
10:19:23,2032.00,1,M
10:19:22,2032.00,2,M
10:19:21,2032.00,2,M
10:19:20,2031.90,2,B
10:19:19,2032.00,1,M
10:19:19,2032.00,2,M
10:19:19,2031.90,1,B
10:19:19,2031.90,1,B
10:19:16,2032.00,1,M
10:19:15,2032.00,1,M
10:19:13,2032.00,1,M
10:19:11,2031.90,1,M
10:19:11,2031.90,1,M
10:19:11,2031.90,17,M
10:19:11,2031.90,2,M
10:19:10,2031.90,1,M
10:19:07,2031.90,2,M
10:19:07,2031.90,6,M
10:19:07,2031.80,1,M
10:19:07,2031.80,1,M
10:19:07,2031.80,1,M
10:19:07,2031.80,1,M
10:19:06,2031.70,1,B
10:19:05,2031.80,1,M
10:19:04,2031.80,1,M
10:19:03,2031.70,2,B
10:19:00,2031.90,1,M
10:18:57,2031.90,2,M
10:18:54,2031.90,1,M
10:18:54,2031.60,1,B
10:18:53,2031.60,2,B
10:18:53,2031.70,1,B
10:18:53,2031.70,1,B
10:18:53,2031.70,4,B
10:18:48,2031.70,1,B
10:18:46,2032.00,6,M
10:18:46,2032.00,4,M
10:18:45,2031.70,1,B
10:18:45,2031.80,1,B
10:18:41,2032.00,1,M
10:18:41,2032.00,3,M
10:18:38,2032.00,1,M
10:18:38,2032.00,1,M
10:18:33,2031.90,1,M
10:18:33,2031.90,1,M
10:18:25,2031.60,1,B
10:18:25,2032.00,1,M
10:18:25,2032.00,1,M
10:18:25,2031.60,1,B
10:18:25,2032.00,1,M
10:18:23,2031.60,3,B
10:18:23,2031.60,2,B
10:18:19,2031.60,6,B
10:18:19,2031.70,1,B
10:18:19,2031.70,3,B
10:18:17,2031.90,10,M
10:18:17,2031.80,5,M
10:18:15,2031.70,1,B
10:18:14,2031.70,2,B
10:18:14,2031.70,3,B
10:18:14,2031.70,1,M
10:18:11,2031.60,1,B
10:18:08,2031.80,1,M
10:18:07,2032.00,1,M
10:18:07,2032.00,2,M
10:18:07,2031.90,1,M
10:18:07,2031.90,1,M
10:18:06,2031.90,1,M
10:18:06,2031.60,1,B
10:18:05,2031.60,9,B
10:18:04,2031.60,1,B
10:18:03,2031.50,1,B
10:18:02,2031.50,1,B
10:18:02,2031.50,6,B
10:18:02,2031.60,1,B
10:18:02,2031.60,1,B
10:18:02,2031.60,1,B
10:18:02,2031.60,1,B
10:18:02,2031.60,12,B
10:18:01,2031.60,1,B
10:18:01,2031.60,9,B
10:18:01,2031.70,1,B
10:18:00,2031.50,1,B
10:17:59,2031.50,1,B
10:17:59,2031.60,1,B
10:17:58,2031.60,3,B
10:17:58,2031.60,1,B
10:17:58,2031.60,1,B
10:17:56,2031.40,5,B
10:17:56,2031.40,1,B
10:17:56,2031.40,3,B
10:17:56,2031.50,1,B
10:17:56,2031.50,1,B
10:17:56,2031.50,1,B
10:17:56,2031.60,1,B
10:17:56,2031.60,2,B
10:17:56,2031.70,4,B
10:17:56,2031.80,2,B
10:17:56,2032.00,1,M
10:17:55,2031.90,1,M
10:17:55,2031.80,1,B
10:17:53,2032.00,22,B
10:17:52,2032.00,9,B
10:17:51,2032.00,3,B
10:17:51,2032.00,16,B
10:17:49,2032.00,9,B
10:17:47,2032.00,1,B
10:17:47,2032.00,1,B
10:17:46,2032.20,1,M
10:17:45,2032.00,1,B
10:17:44,2032.20,2,M
10:17:43,2032.00,1,B
10:17:43,2032.00,5,B
10:17:42,2032.00,1,B
10:17:42,2032.00,1,M
10:17:42,2032.00,1,M
10:17:42,2032.00,5,M
10:17:42,2032.00,4,M
10:17:42,2031.90,10,M
10:17:40,2031.80,5,B
10:17:39,2031.80,6,B
10:17:34,2032.00,5,M
10:17:34,2032.00,1,M
10:17:27,2031.60,1,B
10:17:25,2032.00,1,M
10:17:24,2032.00,1,M
10:17:24,2031.80,2,M
10:17:21,2031.80,2,M
10:17:21,2031.80,1,M
10:17:20,2031.50,1,M
10:17:20,2031.50,1,M
10:17:20,2031.50,2,M
10:17:20,2031.50,38,M
10:17:19,2031.50,12,M
10:17:19,2031.50,5,M
10:17:18,2031.40,2,B
10:17:18,2031.40,3,B
10:17:17,2031.40,1,B
10:17:15,2031.40,1,M
10:17:15,2031.40,10,M
10:17:15,2031.20,1,B
10:17:14,2031.40,3,M
10:17:14,2031.40,1,M
10:17:11,2031.40,3,M
10:17:10,2031.50,1,M
10:17:07,2031.50,1,M
10:17:06,2031.30,1,B
10:17:06,2031.30,1,B
10:17:06,2031.40,1,B
10:17:05,2031.50,1,M
10:17:05,2031.50,1,M
10:17:05,2031.30,1,B
10:17:04,2031.30,1,B
10:17:04,2031.40,1,B
10:17:03,2031.50,1,M
10:17:02,2031.40,1,B
10:17:00,2031.40,1,B
10:16:59,2031.50,1,M
10:16:58,2031.50,1,M
10:16:58,2031.40,1,B
10:16:57,2031.50,1,M
10:16:57,2031.50,1,M
10:16:56,2031.50,1,B
10:16:56,2031.50,5,B
10:16:54,2031.50,1,B
10:16:52,2031.50,1,B
10:16:52,2031.70,1,B
10:16:52,2031.70,1,B
10:16:51,2031.50,4,M
10:16:51,2031.50,1,M
10:16:48,2031.50,1,B
10:16:48,2031.70,1,B
10:16:47,2031.30,1,B
10:16:46,2031.40,1,B
10:16:43,2031.30,12,B
10:16:43,2031.30,5,B
10:16:43,2031.30,1,B
10:16:43,2031.40,1,B
10:16:43,2031.50,1,B
10:16:43,2031.50,2,B
10:16:43,2031.50,1,B
10:16:43,2031.60,1,B
10:16:43,2031.60,1,B
10:16:43,2031.70,1,B
10:16:43,2031.70,4,B
10:16:43,2031.70,1,B
10:16:43,2031.80,1,B
10:16:42,2031.90,1,B
10:16:41,2032.00,1,B
10:16:40,2032.10,1,M
10:16:39,2032.00,1,B
10:16:39,2032.00,1,B
10:16:39,2032.00,1,B
10:16:39,2032.00,2,B
10:16:39,2032.00,1,B
10:16:39,2032.00,8,B
10:16:39,2032.10,1,M
10:16:39,2032.00,6,B
10:16:38,2032.10,1,M
10:16:37,2032.10,1,M
10:16:36,2032.50,1,M
10:16:36,2032.50,1,M
10:16:36,2032.50,2,M
10:16:36,2032.40,2,M
10:16:34,2032.00,1,B
10:16:33,2032.20,1,M
10:16:32,2032.00,1,B
10:16:32,2032.00,2,B
10:16:32,2032.00,1,B
10:16:31,2032.00,3,B
10:16:31,2032.10,1,B
10:16:31,2032.10,1,B
10:16:31,2032.10,1,B
10:16:30,2032.50,3,M
10:16:30,2032.50,1,M
10:16:30,2032.50,1,M
10:16:30,2032.20,1,M
10:16:28,2032.00,1,B
10:16:27,2032.20,3,M
10:16:27,2032.00,1,B
10:16:27,2032.00,10,B
10:16:26,2032.00,5,B
10:16:25,2032.00,1,B
10:16:25,2032.00,9,B
10:16:25,2032.00,1,B
10:16:24,2032.00,1,B
10:16:24,2032.00,1,B
10:16:22,2032.00,2,B
10:16:22,2032.00,1,B
10:16:21,2032.00,1,B
10:16:21,2032.10,2,B
10:16:19,2032.00,1,B
10:16:18,2032.00,1,B
10:16:17,2032.00,1,B
10:16:17,2032.20,1,M
10:16:17,2032.10,1,M
10:16:17,2032.00,5,B
10:16:16,2032.00,1,B
10:16:15,2032.00,8,B
10:16:14,2032.00,2,B
10:16:14,2032.00,5,B
10:16:14,2032.10,1,M
10:16:14,2032.00,1,M
10:16:14,2032.00,1,B
10:16:12,2032.00,1,B
10:16:11,2032.00,1,B
10:16:11,2032.00,1,B
10:16:11,2032.00,2,B
10:16:11,2032.00,1,B
10:16:10,2032.00,2,B
10:16:10,2032.50,3,M
10:16:09,2032.00,1,B
10:16:09,2032.10,1,B
10:16:09,2032.20,1,B
10:16:09,2032.30,1,B
10:16:08,2032.50,5,M
10:16:08,2032.50,2,B
10:16:08,2032.50,31,B
10:16:07,2032.50,5,B
10:16:07,2032.50,14,B
10:16:07,2032.50,1,B
10:16:07,2032.50,2,B
10:16:07,2032.50,3,B
10:16:07,2032.60,2,B
10:16:07,2032.60,3,B
10:16:06,2032.60,2,B
10:16:06,2032.60,1,B
10:16:06,2032.60,2,B
10:16:06,2032.60,1,B
10:16:06,2032.60,1,B
10:16:05,2032.70,1,M
10:16:05,2032.70,3,B
10:16:05,2032.70,7,B
10:16:04,2032.60,1,B
10:16:04,2032.70,1,B
10:16:03,2032.70,1,B
10:16:03,2032.90,1,B
10:16:03,2032.90,1,B
10:16:03,2032.90,1,B
10:16:02,2032.90,6,M
10:16:02,2032.90,1,M
10:16:02,2032.90,1,M
10:16:02,2032.90,1,M
10:16:02,2032.90,1,M
10:16:02,2032.90,1,M
10:16:02,2032.90,1,M
10:16:02,2032.90,1,M
10:16:01,2032.90,1,M
10:16:00,2032.70,1,B
10:16:00,2032.70,1,B
10:16:00,2032.90,1,B
10:16:00,2032.70,1,B
10:15:59,2033.00,1,M
10:15:58,2033.00,1,M
10:15:58,2033.00,1,M
10:15:58,2033.00,1,M
10:15:58,2033.00,1,M
10:15:58,2033.00,4,M
10:15:58,2033.00,1,M
10:15:58,2033.00,1,M
10:15:58,2033.00,1,M
10:15:58,2033.00,2,M
10:15:58,2033.00,1,M
10:15:58,2033.00,1,M
10:15:58,2033.00,1,M
10:15:58,2033.00,1,M
10:15:58,2033.00,2,M
10:15:58,2033.00,1,M
10:15:58,2033.00,2,M
10:15:56,2033.00,1,M
10:15:56,2032.90,1,M
10:15:55,2032.60,2,B
10:15:55,2033.00,1,M
10:15:55,2033.00,1,M
10:15:55,2033.00,1,M
10:15:55,2033.00,1,M
10:15:55,2033.00,3,M
10:15:55,2033.00,1,M
10:15:55,2033.00,1,M
10:15:55,2033.00,1,M
10:15:55,2033.00,1,M
10:15:55,2033.00,1,M
10:15:55,2033.00,1,M
10:15:55,2033.00,1,M
10:15:55,2033.00,1,M
10:15:55,2033.00,1,M
10:15:55,2033.00,1,M
10:15:55,2033.00,1,M
10:15:55,2033.00,1,M
10:15:55,2033.00,1,M
10:15:55,2033.00,1,M
10:15:55,2033.00,1,M
10:15:55,2033.00,1,M
10:15:55,2033.00,1,M
10:15:55,2033.00,1,M
10:15:55,2033.00,1,M
10:15:55,2033.00,1,M
10:15:55,2033.00,1,M
10:15:55,2033.00,1,M
10:15:55,2033.00,1,M
10:15:55,2033.00,1,M
10:15:55,2033.00,1,M
10:15:55,2033.00,2,M
10:15:55,2033.00,2,M
10:15:55,2032.90,1,M
10:15:55,2032.90,1,M
10:15:55,2032.90,3,M
10:15:55,2032.90,2,M
10:15:55,2032.90,1,M
10:15:55,2032.90,1,M
10:15:55,2032.90,1,M
10:15:55,2032.90,1,M
10:15:55,2032.90,1,M
10:15:55,2032.90,1,M
10:15:55,2032.80,1,M
10:15:55,2032.80,2,M
10:15:55,2032.80,1,M
10:15:55,2032.80,1,M
10:15:55,2032.70,1,M
10:15:55,2032.70,1,M
10:15:55,2032.70,1,M
10:15:55,2032.70,1,M
10:15:55,2032.70,1,M
10:15:55,2032.70,4,M
10:15:55,2032.70,1,M
10:15:55,2032.70,4,M
10:15:55,2032.70,1,M
10:15:55,2032.70,1,M
10:15:54,2032.50,7,B
10:15:54,2032.60,1,B
10:15:54,2032.60,2,B
10:15:51,2032.70,1,M
10:15:50,2032.70,1,M
10:15:49,2032.60,2,B
10:15:49,2032.60,1,B
10:15:49,2032.70,2,M
10:15:48,2032.60,1,B
10:15:48,2032.70,1,M
10:15:47,2032.60,1,B
10:15:47,2032.70,1,M
10:15:47,2032.60,1,B
10:15:46,2032.60,1,B
10:15:46,2032.70,1,M
10:15:45,2032.60,1,M
10:15:44,2032.50,1,B
10:15:44,2032.60,2,B
10:15:44,2032.60,2,B
10:15:43,2032.70,1,M
10:15:43,2032.60,1,B
10:15:43,2032.70,1,M
10:15:43,2032.70,1,M
10:15:43,2032.70,1,M
10:15:42,2032.60,2,B
10:15:41,2032.60,1,B
10:15:40,2032.70,1,M
10:15:39,2032.50,2,B
10:15:39,2032.60,3,B
10:15:37,2032.60,7,B
10:15:37,2032.60,7,B
10:15:37,2032.60,2,M
10:15:37,2032.60,1,M
10:15:36,2032.50,10,B
10:15:36,2032.50,4,B
10:15:36,2032.60,1,M
10:15:35,2032.50,20,B
10:15:33,2032.50,1,B
10:15:33,2032.60,4,B
10:15:31,2032.60,1,B
10:15:30,2032.70,1,M
10:15:27,2032.70,1,M
10:15:27,2032.60,1,B
10:15:25,2032.40,5,B
10:15:25,2032.40,4,B
10:15:25,2032.50,5,B
10:15:24,2032.70,1,M
10:15:24,2032.50,5,B
10:15:24,2032.50,2,B
10:15:24,2032.60,1,B
10:15:24,2032.60,2,B
10:15:24,2032.70,1,M
10:15:24,2032.70,1,B
10:15:24,2032.70,5,M
10:15:23,2032.70,1,M
10:15:23,2032.70,1,M
10:15:22,2032.70,6,M
10:15:20,2032.70,1,M
10:15:20,2032.70,1,M
10:15:19,2032.50,1,M
10:15:19,2032.40,1,B
10:15:19,2032.70,1,M
10:15:18,2032.70,1,M
10:15:18,2032.60,1,M
10:15:18,2032.60,1,M
10:15:18,2032.30,1,B
10:15:17,2032.50,1,M
10:15:17,2032.50,1,M
10:15:17,2032.50,1,M
10:15:17,2032.20,1,B
10:15:17,2032.30,1,B
10:15:17,2032.40,1,M
10:15:17,2032.40,1,M
10:15:17,2032.40,1,M
10:15:17,2032.40,1,M
10:15:17,2032.40,1,M
10:15:16,2032.40,1,M
10:15:16,2032.40,1,M
10:15:16,2032.30,2,M
10:15:15,2032.30,1,M
10:15:14,2032.30,1,M
10:15:14,2032.20,2,M
10:15:13,2032.20,7,M
10:15:13,2032.20,1,M
10:15:13,2032.10,1,M
10:15:12,2032.00,1,B
10:15:12,2032.00,1,B
10:15:11,2032.00,1,B
10:15:11,2032.00,1,B
10:15:11,2032.00,5,B
10:15:10,2032.00,1,M
10:15:10,2032.00,20,M
10:15:10,2031.70,1,M
10:15:09,2032.00,2,M
10:15:09,2032.00,1,M
10:15:09,2032.00,1,M
10:15:09,2032.00,1,M
10:15:09,2032.00,1,M
10:15:09,2032.00,1,M
10:15:09,2031.80,1,M
10:15:07,2031.60,2,B
10:15:06,2031.70,1,B
10:15:06,2031.60,1,B
10:15:06,2031.60,1,B
10:15:06,2031.60,1,B
10:15:06,2031.60,1,B
10:15:04,2032.00,1,M
10:15:03,2031.90,1,M
10:15:03,2031.60,7,B
10:15:03,2031.80,1,B
10:15:02,2031.70,2,B
10:15:01,2031.90,1,M
10:15:01,2031.70,1,M
10:15:01,2031.70,1,M
10:15:01,2031.80,1,M
10:15:01,2031.80,1,M
10:15:01,2031.80,1,M
10:15:01,2031.30,1,B
10:15:01,2031.30,1,B
10:15:01,2031.40,1,B
10:15:01,2031.40,2,B
10:15:01,2031.40,1,B
10:15:01,2031.50,1,B
10:15:01,2031.50,2,B
10:15:01,2031.50,1,B
10:15:01,2031.70,1,B
10:14:59,2032.00,1,M
10:14:57,2032.00,2,M
10:14:54,2031.50,1,B
10:14:54,2031.60,1,B
10:14:53,2031.70,1,B
10:14:53,2032.00,2,M
10:14:53,2032.00,1,M
10:14:53,2032.00,2,M
10:14:53,2032.00,2,M
10:14:52,2032.00,1,M
10:14:52,2032.00,1,M
10:14:51,2032.00,2,M
10:14:51,2032.00,3,M
10:14:51,2032.00,1,M
10:14:50,2032.00,1,M
10:14:50,2032.00,1,M
10:14:50,2032.00,1,M
10:14:50,2032.00,1,M
10:14:50,2031.90,1,M
10:14:48,2031.90,1,M
10:14:48,2031.90,1,M
10:14:46,2031.90,1,M
10:14:44,2031.70,1,B
10:14:44,2031.90,1,M
10:14:44,2031.90,1,M
10:14:44,2031.90,2,M
10:14:44,2031.80,2,M
10:14:44,2031.80,1,M
10:14:44,2031.70,1,M
10:14:44,2031.70,1,M
10:14:44,2031.70,1,M
10:14:43,2031.60,5,M
10:14:43,2031.60,1,M
10:14:43,2031.60,1,M
10:14:43,2031.60,5,M
10:14:43,2031.60,2,M
10:14:43,2031.60,1,M
10:14:43,2031.60,34,M
10:14:42,2031.60,2,M
10:14:40,2031.60,3,M
10:14:40,2031.60,1,M
10:14:38,2031.30,1,B
10:14:38,2031.60,1,M
10:14:36,2031.60,5,M
10:14:35,2031.60,5,M
10:14:34,2031.60,1,M
10:14:34,2031.60,1,M
10:14:34,2031.60,2,M
10:14:32,2031.60,1,M
10:14:31,2031.60,2,M
10:14:31,2031.60,1,M
10:14:30,2031.60,1,M
10:14:29,2031.60,2,M
10:14:29,2031.60,4,M
10:14:29,2031.50,1,M
10:14:29,2031.50,3,M
10:14:29,2031.40,4,M
10:14:27,2031.40,1,M
10:14:25,2031.50,1,M
10:14:25,2031.50,1,M
10:14:23,2031.50,1,M
10:14:23,2031.40,1,M
10:14:22,2031.40,1,M
10:14:20,2031.50,1,B
10:14:20,2031.50,1,B
10:14:18,2031.50,1,M
10:14:18,2031.40,2,M
10:14:18,2031.40,1,M
10:14:15,2031.60,1,M
10:14:14,2031.40,1,B
10:14:14,2031.60,1,M
10:14:13,2031.50,1,M
10:14:12,2031.00,1,B
10:14:12,2031.40,1,B
10:14:12,2031.50,4,M
10:14:11,2031.50,1,M
10:14:11,2031.50,1,M
10:14:11,2031.50,1,M
10:14:09,2031.50,2,M
10:14:08,2031.50,1,M
10:14:08,2031.40,1,M
10:14:08,2031.50,5,M
10:14:08,2031.50,1,M
10:14:07,2031.40,1,M
10:14:07,2031.40,1,M
10:14:06,2031.40,1,M
10:14:06,2031.40,1,M
10:14:06,2031.40,1,M
10:14:06,2031.40,1,M
10:14:05,2031.40,1,M
10:14:04,2031.40,1,M
10:14:04,2031.40,1,M
10:14:04,2031.40,1,M
10:14:03,2031.40,1,M
10:14:03,2030.90,1,B
10:14:03,2031.00,3,B
10:14:03,2031.40,1,M
10:14:01,2031.40,1,M
10:14:01,2031.40,1,M
10:14:00,2031.40,1,M
10:14:00,2031.20,1,M
10:14:00,2031.20,1,M
10:13:59,2031.20,1,M
10:13:58,2031.20,1,M
10:13:58,2031.20,1,M
10:13:57,2031.20,2,M
10:13:57,2031.10,8,M
10:13:57,2031.10,1,M
10:13:57,2031.10,1,M
10:13:57,2031.10,1,M
10:13:57,2031.10,1,M
10:13:56,2030.80,2,B
10:13:56,2030.80,1,B
10:13:56,2030.80,1,B
10:13:56,2030.80,1,B
10:13:55,2031.10,2,M
10:13:55,2031.10,1,M
10:13:55,2031.10,1,M
10:13:55,2031.10,1,M
10:13:55,2031.10,2,M
10:13:55,2031.10,1,M
10:13:55,2031.00,4,B
10:13:55,2031.00,1,B
10:13:54,2031.00,1,M
10:13:54,2031.00,1,M
10:13:54,2031.00,1,M
10:13:54,2031.00,1,M
10:13:54,2031.00,2,M
10:13:54,2031.00,1,M
10:13:54,2031.00,1,M
10:13:54,2031.00,1,M
10:13:54,2031.00,1,M
10:13:54,2031.00,15,M
10:13:54,2030.90,2,B
10:13:54,2031.00,5,M
10:13:54,2031.00,1,M
10:13:53,2030.80,1,B
10:13:53,2030.80,2,B
10:13:53,2030.80,1,B
10:13:53,2030.80,1,B
10:13:53,2030.80,2,B
10:13:53,2030.80,3,B
10:13:53,2031.00,1,M
10:13:53,2031.00,1,M
10:13:53,2031.00,3,M
10:13:53,2031.00,1,M
10:13:53,2031.00,1,M
10:13:53,2031.00,1,M
10:13:53,2031.00,1,M
10:13:53,2031.00,1,M
10:13:52,2031.00,1,M
10:13:52,2031.00,5,M
10:13:52,2030.80,1,B
10:13:51,2030.80,1,B
10:13:51,2030.80,1,B
10:13:51,2030.80,2,B
10:13:51,2030.80,1,B
10:13:51,2030.80,1,B
10:13:51,2031.00,2,M
10:13:51,2031.00,1,M
10:13:51,2031.00,1,M
10:13:51,2031.00,1,M
10:13:51,2031.00,1,M
10:13:49,2030.80,1,B
10:13:49,2031.00,2,M
10:13:49,2031.00,1,M
10:13:49,2031.00,1,M
10:13:49,2031.00,1,M
10:13:49,2031.00,1,M
10:13:49,2031.00,1,M
10:13:49,2031.00,1,M
10:13:49,2031.00,1,M
10:13:49,2031.00,1,M
10:13:48,2031.00,1,M
10:13:48,2030.80,1,B
10:13:48,2030.70,1,B
10:13:48,2030.80,3,B
10:13:48,2030.80,1,B
10:13:48,2030.80,2,B
10:13:48,2030.80,15,B
10:13:48,2030.80,1,B
10:13:48,2030.80,1,B
10:13:48,2030.80,1,B
10:13:48,2030.80,1,B
10:13:48,2030.80,2,B
10:13:47,2030.80,1,B
10:13:45,2030.80,1,B
10:13:44,2030.90,1,B
10:13:43,2030.90,10,M
10:13:43,2030.90,4,M
10:13:43,2030.90,1,M
10:13:41,2030.80,1,B
10:13:39,2030.80,1,B
10:13:39,2030.80,1,B
10:13:38,2030.80,1,B
10:13:38,2030.90,1,M
10:13:38,2030.90,1,M
10:13:37,2030.90,1,M
10:13:34,2030.80,1,B
10:13:32,2030.80,2,B
10:13:32,2030.80,1,B
10:13:32,2030.80,1,B
10:13:32,2030.80,1,B
10:13:29,2030.80,1,B
10:13:29,2030.80,3,B
10:13:29,2030.90,1,M
10:13:29,2030.90,10,M
10:13:28,2030.90,4,M
10:13:27,2030.90,3,B
10:13:26,2030.90,7,B
10:13:25,2031.00,1,M
10:13:23,2031.00,5,M
10:13:23,2030.80,1,B
10:13:22,2031.00,5,M
10:13:21,2031.00,1,M
10:13:20,2030.80,1,B
10:13:20,2030.80,1,B
10:13:20,2030.80,1,B
10:13:15,2031.00,1,M
10:13:15,2031.00,1,M
10:13:12,2031.00,1,M
10:13:12,2030.90,1,B
10:13:11,2031.00,2,B
10:13:11,2031.00,10,B
10:13:11,2031.00,1,B
10:13:11,2031.00,1,B
10:13:11,2031.00,3,B
10:13:11,2031.10,1,B
10:13:11,2031.10,1,B
10:13:10,2031.10,1,B
10:13:10,2031.10,3,B
10:13:08,2031.10,1,B
10:13:08,2031.20,1,B
10:13:06,2031.20,2,M
10:13:06,2031.10,1,B
10:13:06,2031.20,1,B
10:13:06,2031.20,2,B
10:13:06,2031.20,14,B
10:13:06,2031.30,1,B
10:13:04,2031.40,1,M
10:13:00,2031.40,1,M
10:12:59,2031.40,2,M
10:12:58,2031.40,1,M
10:12:57,2031.40,2,M
10:12:54,2031.40,3,M
10:12:53,2031.40,1,M
10:12:52,2031.40,1,M
10:12:52,2031.40,1,M
10:12:52,2031.40,1,M
10:12:52,2031.30,5,M
10:12:52,2031.30,1,M
10:12:52,2031.30,2,M
10:12:50,2031.30,1,M
10:12:49,2031.30,3,M
10:12:48,2031.30,5,M
10:12:48,2031.30,4,M
10:12:48,2031.30,1,M
10:12:47,2031.30,1,M
10:12:46,2031.30,1,M
10:12:46,2031.30,1,M
10:12:45,2031.10,1,M
10:12:45,2031.10,1,B
10:12:45,2031.10,1,B
10:12:45,2031.10,1,M
10:12:45,2031.10,56,M
10:12:45,2031.10,2,M
10:12:44,2031.10,3,M
10:12:44,2031.10,2,M
10:12:44,2031.10,10,M
10:12:43,2031.10,6,M
10:12:43,2031.00,4,M
10:12:43,2031.00,1,M
10:12:42,2030.80,1,B
10:12:42,2030.90,3,B
10:12:41,2031.00,2,M
10:12:41,2030.90,3,M
10:12:41,2030.90,1,M
10:12:41,2030.90,1,M
10:12:41,2030.90,1,M
10:12:41,2030.80,1,B
10:12:39,2031.00,3,M
10:12:37,2031.10,1,M
10:12:37,2031.00,1,M
10:12:37,2031.00,2,M
10:12:37,2031.00,1,M
10:12:37,2031.00,1,M
10:12:37,2031.00,2,M
10:12:35,2030.90,1,M
10:12:34,2031.00,1,M
10:12:34,2030.70,1,B
10:12:34,2031.00,1,M
10:12:34,2031.00,8,M
10:12:34,2031.00,1,M
10:12:34,2031.00,3,M
10:12:34,2031.00,10,M
10:12:34,2031.00,3,M
10:12:33,2030.80,1,M
10:12:33,2030.80,1,B
10:12:33,2030.90,1,B
10:12:33,2031.00,2,M
10:12:32,2030.80,1,B
10:12:32,2031.00,1,M
10:12:31,2031.00,1,M
10:12:30,2031.00,10,M
10:12:30,2031.00,2,M
10:12:29,2031.00,2,M
10:12:28,2031.00,3,M
10:12:28,2031.00,2,M
10:12:28,2031.00,1,M
10:12:28,2031.00,1,M
10:12:28,2031.00,8,M
10:12:28,2031.00,2,M
10:12:26,2031.00,1,M
10:12:26,2031.00,2,M
10:12:26,2031.00,1,M
10:12:26,2031.00,2,M
10:12:26,2031.00,1,M
10:12:25,2031.00,2,M
10:12:25,2031.00,6,M
10:12:25,2031.00,1,M
10:12:25,2031.00,1,M
10:12:25,2031.00,3,M
10:12:25,2031.00,1,M
10:12:24,2031.00,1,M
10:12:21,2031.00,3,M
10:12:21,2030.70,2,B
10:12:21,2030.90,1,M
10:12:20,2030.90,1,M
10:12:19,2030.70,4,B
10:12:18,2030.70,3,B
10:12:18,2030.80,1,B
10:12:17,2030.90,1,M
10:12:17,2030.90,1,M
10:12:17,2030.90,1,M
10:12:17,2030.90,1,M
10:12:17,2030.90,1,M
10:12:17,2030.90,1,M
10:12:17,2030.70,4,B
10:12:16,2030.70,1,B
10:12:16,2030.70,1,B
10:12:15,2030.90,2,M
10:12:15,2030.90,2,M
10:12:15,2030.80,1,M
10:12:15,2030.70,1,B
10:12:14,2030.70,1,B
10:12:14,2030.90,3,M
10:12:14,2030.90,1,M
10:12:12,2030.90,1,M
10:12:11,2030.60,5,B
10:12:11,2030.70,6,B
10:12:11,2030.70,1,B
10:12:11,2030.90,2,M
10:12:11,2030.70,10,B
10:12:11,2030.70,1,B
10:12:11,2030.70,1,B
10:12:11,2030.70,1,B
10:12:10,2030.90,1,M
10:12:10,2030.90,1,M
10:12:09,2030.90,2,M
10:12:09,2030.90,1,M
10:12:09,2030.70,1,B
10:12:08,2030.90,2,M
10:12:08,2030.50,3,B
10:12:08,2030.50,1,B
10:12:08,2030.50,1,B
10:12:08,2030.50,1,B
10:12:08,2030.50,1,B
10:12:08,2030.50,1,B
10:12:07,2031.00,2,M
10:12:06,2030.90,1,M
10:12:06,2030.90,1,M
10:12:05,2030.40,3,B
10:12:05,2030.40,12,B
10:12:05,2030.40,1,B
10:12:05,2030.40,1,B
10:12:05,2030.50,1,B
10:12:05,2030.50,12,B
10:12:05,2030.50,5,B
10:12:05,2030.50,1,B
10:12:05,2031.00,6,M
10:12:05,2030.90,1,M
10:12:05,2030.90,2,M
10:12:05,2030.90,18,M
10:12:04,2030.90,2,M
10:12:04,2030.60,1,B
10:12:04,2030.70,1,B
10:12:04,2031.00,1,M
10:12:04,2030.60,1,B
10:12:04,2030.70,1,B
10:12:04,2031.00,1,M
10:12:03,2030.70,2,M
10:12:03,2030.70,1,M
10:12:03,2030.70,3,B
10:12:03,2031.00,1,M
10:12:02,2030.70,2,B
10:12:02,2030.70,1,B
10:12:02,2031.00,1,B
10:12:02,2031.00,1,M
10:12:02,2031.00,1,M
10:12:02,2031.00,1,M
10:12:02,2031.00,1,M
10:12:02,2031.00,1,M
10:12:02,2031.00,1,M
10:12:02,2031.00,1,M
10:12:02,2031.00,1,M
10:12:02,2031.00,1,M
10:12:01,2031.00,1,M
10:12:01,2031.00,1,M
10:12:01,2030.70,1,B
10:12:01,2030.80,1,B
10:12:01,2031.00,4,M
10:12:01,2030.70,2,B
10:12:00,2031.00,3,M
10:12:00,2030.90,1,M
10:12:00,2030.80,1,M
10:12:00,2030.70,1,B
10:11:59,2030.80,1,M
10:11:59,2030.50,1,B
10:11:59,2030.70,1,B
10:11:59,2030.50,1,B
10:11:59,2030.50,1,B
10:11:59,2031.00,1,M
10:11:59,2030.50,2,B
10:11:58,2030.90,1,M
10:11:58,2031.00,1,M
10:11:58,2030.70,1,M
10:11:58,2030.70,3,M
10:11:58,2030.70,3,M
10:11:58,2030.70,4,M
10:11:58,2030.70,22,M
10:11:58,2030.70,3,M
10:11:57,2030.50,1,M
10:11:57,2030.50,1,M
10:11:57,2030.50,2,B
10:11:57,2030.50,1,B
10:11:57,2030.50,15,B
10:11:57,2030.60,1,B
10:11:57,2030.70,2,M
10:11:56,2030.50,3,B
10:11:56,2030.70,1,M
10:11:56,2030.50,2,B
10:11:56,2030.60,1,M
10:11:56,2030.50,1,B
10:11:56,2030.50,1,B
10:11:56,2030.70,1,M
10:11:56,2030.70,3,M
10:11:55,2030.60,31,M
10:11:55,2030.60,13,M
10:11:54,2030.60,1,M
10:11:54,2030.60,1,M
10:11:54,2030.50,1,M
10:11:54,2030.50,1,M
10:11:54,2030.50,1,M
10:11:54,2030.50,1,M
10:11:54,2030.50,1,M
10:11:53,2030.50,3,M
10:11:53,2030.50,10,M
10:11:53,2030.40,2,M
10:11:53,2030.30,1,B
10:11:53,2030.30,1,B
10:11:53,2030.50,10,M
10:11:53,2030.50,1,M
10:11:52,2030.50,1,M
10:11:52,2030.50,2,M
10:11:52,2030.40,2,M
10:11:52,2030.50,5,M
10:11:51,2030.50,2,M
10:11:51,2030.50,1,M
10:11:51,2030.50,6,M
10:11:50,2030.50,1,M
10:11:50,2030.50,1,M
10:11:50,2030.50,1,M
10:11:50,2030.20,1,B
10:11:50,2030.30,1,B
10:11:50,2030.50,1,M
10:11:49,2030.50,1,B
10:11:49,2030.70,1,M
10:11:49,2030.70,2,M
10:11:49,2030.70,1,M
10:11:49,2031.00,34,M
10:11:49,2031.00,1,M
10:11:49,2030.80,3,M
10:11:49,2030.70,1,M
10:11:49,2030.60,7,M
10:11:49,2030.20,1,B
10:11:49,2030.30,1,B
10:11:49,2030.50,3,B
10:11:48,2030.50,1,B
10:11:48,2030.60,1,M
10:11:48,2030.50,2,B
10:11:48,2030.50,1,B
10:11:48,2030.60,2,M
10:11:48,2030.60,1,M
10:11:48,2030.30,1,M
10:11:48,2030.20,1,B
10:11:48,2030.20,1,B
10:11:48,2030.20,2,B
10:11:48,2030.20,1,B
10:11:48,2030.20,1,B
10:11:48,2030.20,1,B
10:11:48,2030.20,1,B
10:11:48,2030.20,1,B
10:11:48,2030.30,1,B
10:11:48,2030.30,1,B
10:11:48,2030.30,2,B
10:11:48,2030.30,20,B
10:11:48,2030.30,1,B
10:11:48,2030.30,1,B
10:11:48,2030.30,1,B
10:11:48,2030.30,1,B
10:11:48,2030.30,1,B
10:11:48,2030.30,1,B
10:11:48,2030.30,1,B
10:11:48,2030.30,1,B
10:11:48,2030.30,1,B
10:11:48,2030.30,1,B
10:11:48,2030.40,1,B
10:11:48,2030.60,1,B
10:11:48,2030.70,1,M
10:11:48,2030.50,2,M
10:11:48,2030.40,4,B
10:11:48,2030.40,1,B
10:11:48,2030.40,1,B
10:11:48,2030.40,1,B
10:11:48,2030.40,1,B
10:11:47,2030.50,1,B
10:11:47,2030.50,1,B
10:11:47,2030.50,1,B
10:11:47,2030.50,1,B
10:11:47,2030.60,1,B
10:11:47,2030.70,3,M
10:11:47,2030.70,1,M
10:11:47,2030.70,1,M
10:11:47,2030.50,2,B
10:11:47,2030.50,1,B
10:11:47,2030.50,1,B
10:11:47,2030.50,1,B
10:11:47,2030.50,1,B
10:11:47,2030.50,1,B
10:11:46,2030.60,1,B
10:11:46,2030.60,1,B
10:11:46,2030.60,2,B
10:11:46,2030.60,2,B
10:11:46,2030.70,1,B
10:11:46,2030.70,1,B
10:11:46,2030.70,1,B
10:11:46,2031.00,1,M
10:11:46,2030.90,1,M
10:11:46,2030.80,1,M
10:11:46,2030.70,1,B
10:11:46,2030.70,1,B
10:11:46,2030.70,4,B
10:11:46,2030.70,1,B
10:11:46,2030.70,3,B
10:11:45,2030.70,4,B
10:11:45,2030.70,1,B
10:11:45,2030.80,1,M
10:11:45,2030.80,1,M
10:11:44,2030.80,1,M
10:11:44,2030.80,1,M
10:11:44,2030.80,1,B
10:11:44,2030.80,1,B
10:11:43,2030.80,3,B
10:11:43,2030.80,5,B
10:11:43,2030.90,2,B
10:11:43,2030.80,1,B
10:11:43,2031.40,1,M
10:11:43,2031.20,1,M
10:11:43,2031.10,3,M
10:11:43,2030.80,2,M
10:11:43,2030.60,2,B
10:11:43,2030.60,2,B
10:11:43,2030.60,1,B
10:11:43,2030.80,1,M
10:11:42,2030.60,5,B
10:11:42,2030.70,1,B
10:11:42,2030.70,1,B
10:11:42,2030.70,1,B
10:11:42,2030.70,1,B
10:11:42,2030.70,1,B
10:11:42,2030.70,1,B
10:11:42,2031.10,2,M
10:11:42,2030.90,1,M
10:11:42,2030.80,1,M
10:11:42,2030.80,1,M
10:11:42,2030.80,2,M
10:11:42,2030.80,1,B
10:11:42,2030.90,1,M
10:11:42,2030.90,2,M
10:11:42,2030.80,1,B
10:11:42,2030.80,1,B
10:11:42,2030.80,1,B
10:11:41,2031.10,1,B
10:11:41,2030.90,1,B
10:11:41,2030.90,1,B
10:11:41,2030.90,1,B
10:11:41,2031.10,1,B
10:11:41,2030.80,3,B
10:11:41,2030.80,2,B
10:11:41,2030.80,1,B
10:11:41,2030.80,5,B
10:11:41,2030.90,1,B
10:11:41,2031.00,5,B
10:11:41,2031.00,3,B
10:11:41,2031.00,1,B
10:11:41,2031.00,1,B
10:11:41,2031.00,1,B
10:11:41,2031.00,1,B
10:11:41,2031.00,5,B
10:11:41,2031.00,1,B
10:11:41,2031.00,1,B
10:11:41,2031.00,2,B
10:11:41,2031.00,3,B
10:11:41,2031.00,1,B
10:11:41,2031.00,1,B
10:11:41,2031.00,1,B
10:11:41,2031.00,1,B
10:11:41,2031.10,1,B
10:11:41,2031.10,4,B
10:11:41,2031.10,1,B
10:11:41,2031.10,1,B
10:11:41,2031.10,1,B
10:11:41,2031.10,3,B
10:11:41,2031.10,1,B
10:11:40,2031.10,3,B
10:11:40,2031.10,3,B
10:11:40,2031.20,3,B
10:11:40,2031.20,1,B
10:11:40,2031.30,1,M
10:11:40,2031.20,3,M
10:11:40,2031.10,1,B
10:11:40,2031.20,1,M
10:11:40,2031.30,1,M
10:11:40,2031.10,1,B
10:11:40,2031.10,5,B
10:11:40,2031.10,1,B
10:11:40,2031.10,4,B
10:11:39,2031.30,2,M
10:11:39,2031.20,4,M
10:11:39,2031.30,2,M
10:11:39,2031.10,1,B
10:11:39,2031.30,1,M
10:11:39,2031.10,3,B
10:11:39,2031.10,1,B
10:11:39,2031.20,1,B
10:11:39,2031.20,1,M
10:11:39,2031.20,1,M
10:11:38,2031.30,1,M
10:11:38,2031.10,1,B
10:11:38,2031.20,1,B
10:11:38,2031.20,1,B
10:11:38,2031.30,1,M
10:11:38,2031.30,1,B
10:11:37,2031.30,10,B
10:11:37,2031.30,3,B
10:11:37,2031.30,3,B
10:11:37,2031.50,2,M
10:11:37,2031.10,4,B
10:11:37,2031.10,5,B
10:11:37,2031.10,2,B
10:11:37,2031.10,1,B
10:11:37,2031.10,1,B
10:11:36,2031.10,1,B
10:11:36,2031.20,2,B
10:11:36,2031.20,2,B
10:11:36,2031.20,1,B
10:11:36,2031.10,1,B
10:11:36,2031.20,1,B
10:11:36,2031.20,7,B
10:11:36,2031.40,1,B
10:11:36,2031.20,3,B
10:11:36,2031.20,1,B
10:11:36,2031.20,1,B
10:11:36,2031.20,1,B
10:11:36,2031.30,1,B
10:11:36,2031.50,2,B
10:11:36,2031.50,1,B
10:11:36,2031.70,1,M
10:11:36,2031.70,1,M
10:11:35,2031.50,2,B
10:11:35,2031.50,1,B
10:11:35,2031.50,1,B
10:11:35,2031.40,5,M
10:11:34,2031.20,1,B
10:11:34,2031.20,1,B
10:11:34,2031.40,1,M
10:11:33,2031.70,1,M
10:11:33,2031.30,1,B
10:11:33,2031.40,1,B
10:11:33,2031.20,2,B
10:11:33,2031.20,1,B
10:11:33,2031.20,1,B
10:11:33,2031.20,3,B
10:11:33,2031.30,1,B
10:11:33,2031.30,2,B
10:11:32,2031.30,2,B
10:11:32,2031.30,1,B
10:11:32,2031.40,1,B
10:11:32,2031.60,1,B
10:11:32,2031.60,1,B
10:11:32,2031.60,1,B
10:11:32,2031.40,1,B
10:11:32,2031.40,4,B
10:11:32,2031.40,5,B
10:11:32,2031.50,10,B
10:11:32,2031.40,4,B
10:11:32,2031.40,1,B
10:11:32,2031.40,1,B
10:11:32,2031.40,3,B
10:11:32,2031.50,2,B
10:11:32,2031.50,2,B
10:11:32,2031.60,1,B
10:11:32,2031.40,9,B
10:11:32,2031.90,1,B
10:11:32,2031.90,1,M
10:11:32,2031.90,3,M
10:11:32,2031.90,1,M
10:11:32,2031.30,1,B
10:11:32,2031.30,2,B
10:11:32,2031.40,1,B
10:11:32,2031.40,1,B
10:11:32,2031.40,3,B
10:11:32,2031.50,2,B
10:11:31,2031.90,2,M
10:11:31,2031.90,3,M
10:11:31,2031.60,1,M
10:11:31,2031.50,3,B
10:11:31,2031.50,1,B
10:11:31,2031.80,1,B
10:11:30,2031.70,1,M
10:11:30,2031.50,1,B
10:11:30,2031.50,1,B
10:11:30,2031.50,2,B
10:11:30,2031.50,1,B
10:11:30,2031.50,1,B
10:11:30,2031.60,3,B
10:11:30,2031.60,1,B
10:11:30,2031.60,3,B
10:11:30,2031.60,3,B
10:11:30,2031.60,3,B
10:11:30,2031.60,1,B
10:11:30,2031.60,1,B
10:11:30,2031.60,3,B
10:11:30,2031.60,1,B
10:11:29,2031.60,1,B
10:11:29,2031.70,3,B
10:11:29,2031.70,6,B
10:11:29,2031.70,3,B
10:11:29,2031.70,1,B
10:11:29,2031.80,1,B
10:11:29,2031.80,2,B
10:11:29,2031.80,1,B
10:11:29,2031.90,1,B
10:11:29,2031.90,1,B
10:11:29,2032.00,1,B
10:11:29,2032.00,1,B
10:11:29,2032.00,1,B
10:11:29,2032.00,4,B
10:11:29,2032.00,10,B
10:11:29,2032.00,1,B
10:11:29,2032.00,1,B
10:11:29,2032.00,1,B
10:11:29,2032.00,1,B
10:11:29,2032.10,1,M
10:11:29,2032.00,1,B
10:11:29,2032.00,1,B
10:11:29,2032.00,1,B
10:11:29,2032.00,2,B
10:11:29,2032.00,1,B
10:11:29,2032.00,1,B
10:11:29,2032.00,1,B
10:11:29,2032.00,1,B
10:11:29,2032.00,1,B
10:11:29,2032.00,1,B
10:11:28,2032.10,1,M
10:11:28,2032.10,1,B
10:11:28,2032.10,2,B
10:11:27,2032.50,1,M
10:11:27,2032.10,10,B
10:11:26,2032.10,8,B
10:11:26,2032.10,10,B
10:11:26,2032.10,1,B
10:11:26,2032.10,1,B
10:11:26,2032.10,1,B
10:11:26,2032.10,1,B
10:11:26,2032.10,8,B
10:11:25,2032.50,1,M
10:11:25,2032.10,1,B
10:11:24,2032.10,1,B
10:11:24,2032.10,6,B
10:11:24,2032.10,2,B
10:11:24,2032.10,2,B
10:11:24,2032.10,1,B
10:11:24,2032.10,2,B
10:11:24,2032.10,1,B
10:11:24,2032.20,2,B
10:11:24,2032.20,50,B
10:11:24,2032.20,1,B
10:11:24,2032.20,1,B
10:11:24,2032.20,1,B
10:11:24,2032.20,1,B
10:11:24,2032.20,1,B
10:11:24,2032.20,1,B
10:11:24,2032.20,1,B
10:11:24,2032.20,1,B
10:11:24,2032.20,1,B
10:11:24,2032.20,2,B
10:11:24,2032.30,1,B
10:11:24,2032.30,1,B
10:11:24,2032.30,7,B
10:11:23,2032.30,1,B
10:11:22,2032.30,2,B
10:11:22,2032.30,1,B
10:11:22,2032.30,1,B
10:11:22,2032.30,1,B
10:11:22,2032.30,1,B
10:11:22,2032.50,2,B
10:11:22,2032.50,4,B
10:11:21,2032.50,2,B
10:11:21,2032.50,1,B
10:11:21,2032.50,1,B
10:11:21,2032.50,2,B
10:11:21,2032.50,4,M
10:11:21,2032.50,3,M
10:11:20,2032.30,1,B
10:11:20,2032.30,2,B
10:11:20,2032.30,1,B
10:11:20,2032.30,2,B
10:11:20,2032.40,1,B
10:11:20,2032.40,1,B
10:11:20,2032.40,1,B
10:11:20,2032.40,1,B
10:11:20,2032.40,1,B
10:11:20,2032.40,1,B
10:11:20,2032.40,7,B
10:11:20,2032.50,3,M
10:11:18,2032.50,4,B
10:11:18,2032.50,4,B
10:11:18,2032.50,1,B
10:11:18,2032.50,1,B
10:11:18,2032.50,7,B
10:11:18,2032.50,11,B
10:11:17,2032.90,3,M
10:11:17,2032.60,1,B
10:11:17,2032.80,1,M
10:11:17,2032.60,1,B
10:11:17,2032.60,1,B
10:11:17,2032.60,1,B
10:11:17,2032.60,20,B
10:11:15,2032.90,1,M
10:11:14,2032.70,3,B
10:11:14,2032.90,1,M
10:11:13,2032.90,1,M
10:11:12,2032.90,1,M
10:11:12,2032.90,3,M
10:11:12,2032.70,5,B
10:11:12,2032.80,1,B
10:11:12,2032.80,1,B
10:11:12,2032.90,2,M
10:11:07,2032.90,1,M
10:11:04,2032.80,2,M
10:11:04,2032.80,1,M
10:11:04,2032.80,11,M
10:11:04,2032.80,1,M
10:11:03,2032.70,1,M
10:11:03,2032.70,1,M
10:11:03,2032.70,1,M
10:11:03,2032.70,6,M
10:11:03,2032.60,1,B
10:11:03,2032.60,9,B
10:11:02,2032.60,1,B
10:11:02,2032.60,1,B
10:11:00,2032.70,1,M
10:11:00,2032.70,1,M
10:10:58,2032.70,1,B
10:10:58,2032.70,11,B
10:10:58,2032.70,1,B
10:10:58,2032.80,1,M
10:10:58,2032.80,1,M
10:10:58,2032.80,1,M
10:10:57,2032.60,1,B
10:10:57,2032.80,3,M
10:10:57,2032.70,2,M
10:10:56,2032.70,1,M
10:10:54,2032.70,1,B
10:10:54,2032.70,1,B
10:10:53,2032.80,1,M
10:10:53,2032.80,1,M
10:10:52,2032.70,1,B
10:10:52,2032.70,1,B
10:10:50,2032.70,2,M
10:10:48,2032.70,1,M
10:10:48,2032.70,1,M
10:10:47,2032.50,1,B
10:10:47,2032.80,1,B
10:10:46,2032.60,1,M
10:10:45,2032.50,1,B
10:10:45,2032.70,10,B
10:10:44,2032.80,1,M
10:10:43,2032.50,2,B
10:10:43,2032.50,1,B
10:10:43,2032.60,2,B
10:10:43,2032.60,1,B
10:10:43,2032.60,1,B
10:10:43,2032.70,1,B
10:10:43,2032.70,2,B
10:10:41,2032.70,8,B
10:10:40,2032.70,1,M
10:10:40,2032.60,1,B
10:10:39,2032.60,1,B
10:10:38,2032.60,1,B
10:10:36,2032.80,1,M
10:10:36,2032.80,1,M
10:10:36,2032.60,1,B
10:10:36,2032.60,10,B
10:10:36,2032.60,8,B
10:10:36,2032.70,1,B
10:10:32,2032.80,1,M
10:10:31,2032.80,1,M
10:10:28,2032.80,1,M
10:10:27,2032.70,1,B
10:10:25,2032.90,1,M
10:10:24,2032.90,1,M
10:10:22,2032.90,7,M
10:10:22,2032.60,10,B
10:10:22,2032.60,2,M
10:10:19,2032.60,1,M
10:10:18,2032.60,1,B
10:10:15,2032.90,1,M
10:10:15,2032.60,1,B
10:10:15,2032.60,1,B
10:10:15,2032.70,1,B
10:10:15,2032.80,1,B
10:10:15,2032.90,2,M
10:10:15,2032.80,8,M
10:10:14,2032.60,8,B
10:10:14,2032.80,2,M
10:10:13,2032.80,1,M
10:10:13,2032.80,5,B
10:10:12,2032.90,1,M
10:10:11,2032.80,1,B
10:10:11,2032.80,1,B
10:10:11,2032.80,1,B
10:10:10,2032.80,1,B
10:10:10,2032.80,2,B
10:10:08,2032.60,5,B
10:10:08,2032.60,1,B
10:10:08,2032.80,1,M
10:10:08,2032.60,3,B
10:10:08,2032.60,1,B
10:10:08,2032.60,1,B
10:10:07,2032.60,1,B
10:10:07,2032.60,1,B
10:10:07,2032.60,1,B
10:10:07,2032.70,1,B
10:10:07,2032.70,1,B
10:10:06,2032.80,1,M
10:10:05,2032.70,1,B
10:10:05,2032.90,5,M
10:10:05,2032.90,1,M
10:10:05,2032.90,1,M
10:10:05,2032.80,1,M
10:10:04,2032.80,1,M
10:10:04,2032.70,4,B
10:10:04,2032.70,1,B
10:10:04,2032.80,1,B
10:10:04,2032.80,3,B
10:10:04,2032.80,1,B
10:10:02,2032.90,1,M
10:10:02,2032.90,1,M
10:10:02,2032.90,1,B
10:10:02,2032.90,1,B
10:10:02,2032.90,1,B
10:10:02,2032.90,1,B
10:10:02,2032.90,1,B
10:10:02,2032.90,1,B
10:10:02,2032.90,1,B
10:10:02,2032.90,1,B
10:09:59,2032.90,2,B
10:09:59,2033.00,1,M
10:09:58,2033.00,2,M
10:09:54,2032.90,1,B
10:09:54,2032.90,19,B
10:09:54,2032.90,1,B
10:09:54,2032.90,1,B
10:09:54,2032.90,9,B
10:09:53,2032.90,1,B
10:09:51,2033.10,1,B
10:09:51,2033.20,1,M
10:09:51,2033.10,1,M
10:09:50,2033.00,3,B
10:09:50,2033.00,1,B
10:09:50,2033.00,1,B
10:09:50,2033.00,2,B
10:09:50,2033.00,1,B
10:09:50,2033.00,2,B
10:09:48,2033.00,1,B
10:09:48,2033.00,5,B
10:09:47,2033.00,1,B
10:09:46,2033.00,1,B
10:09:46,2033.10,1,M
10:09:46,2033.10,1,M
10:09:46,2033.10,2,M
10:09:46,2033.00,1,B
10:09:45,2033.10,1,M
10:09:45,2033.00,1,B
10:09:45,2033.10,1,M
10:09:45,2033.10,1,M
10:09:45,2033.10,1,M
10:09:44,2033.10,1,M
10:09:43,2033.10,11,M
10:09:41,2033.00,1,B
10:09:41,2033.20,1,M
10:09:39,2033.20,3,M
10:09:38,2033.00,1,B
10:09:38,2033.20,9,M
10:09:38,2033.10,1,M
10:09:36,2033.10,1,B
10:09:36,2033.20,2,M
10:09:36,2033.20,6,M
10:09:35,2033.20,1,M
10:09:35,2033.20,1,M
10:09:34,2033.00,1,B
10:09:34,2033.20,5,M
10:09:34,2033.20,8,M
10:09:33,2033.20,1,M
10:09:32,2033.20,2,M
10:09:32,2033.10,1,M
10:09:32,2033.10,1,M
10:09:31,2033.00,1,B
10:09:30,2033.10,1,B
10:09:29,2033.20,1,M
10:09:28,2033.20,1,M
10:09:27,2033.20,6,M
10:09:26,2033.00,3,B
10:09:24,2033.20,4,M
10:09:23,2033.20,1,M
10:09:23,2033.20,2,M
10:09:22,2033.20,3,B
10:09:16,2033.30,1,M
10:09:15,2033.30,1,M
10:09:15,2033.30,1,M
10:09:14,2033.30,2,M
10:09:14,2033.30,1,M
10:09:14,2033.30,7,M
10:09:14,2033.20,2,M
10:09:14,2033.10,1,M
10:09:13,2033.10,1,B
10:09:13,2033.30,2,M
10:09:11,2033.30,1,M
10:09:11,2033.30,3,M
10:09:11,2033.30,1,M
10:09:10,2033.30,1,M
10:09:10,2033.30,1,M
10:09:10,2033.20,1,M
10:09:09,2033.20,1,M
10:09:09,2033.20,1,M
10:09:09,2033.10,1,B
10:09:07,2033.20,1,M
10:09:06,2033.20,3,M
10:09:05,2033.20,3,M
10:09:04,2033.20,1,M
10:09:04,2033.10,1,B
10:09:02,2033.30,1,M
10:09:01,2033.30,2,M
10:09:00,2033.30,1,M
10:09:00,2033.30,2,M
10:08:59,2033.30,1,M
10:08:59,2033.30,5,M
10:08:59,2033.30,1,M
10:08:56,2033.00,4,B
10:08:56,2033.00,2,B
10:08:54,2033.30,1,M
10:08:54,2033.10,1,B
10:08:54,2033.30,2,M
10:08:54,2033.30,1,M
10:08:53,2033.30,1,M
10:08:53,2033.30,1,M
10:08:52,2033.30,1,M
10:08:51,2033.00,2,B
10:08:50,2033.30,4,M
10:08:50,2033.20,1,M
10:08:50,2033.10,3,M
10:08:50,2033.10,2,M
10:08:50,2033.00,1,M
10:08:50,2033.00,1,M
10:08:50,2033.00,3,M
10:08:50,2033.00,1,M
10:08:50,2033.00,8,M
10:08:50,2033.00,1,M
10:08:50,2033.00,1,M
10:08:50,2033.00,1,M
10:08:50,2033.00,1,M
10:08:50,2033.00,1,M
10:08:50,2033.00,1,M
10:08:50,2033.00,2,M
10:08:50,2033.00,6,M
10:08:50,2033.00,7,M
10:08:50,2033.00,10,M
10:08:49,2033.00,5,M
10:08:49,2033.00,27,M
10:08:49,2033.00,1,M
10:08:48,2032.90,1,B
10:08:47,2033.00,1,M
10:08:46,2033.00,2,M
10:08:40,2032.90,1,B
10:08:39,2033.00,1,M
10:08:38,2032.90,3,B
10:08:37,2032.90,2,B
10:08:37,2032.90,1,B
10:08:37,2032.90,1,B
10:08:36,2032.90,1,M
10:08:35,2032.90,2,M
10:08:33,2032.90,1,M
10:08:32,2032.60,3,B
10:08:32,2032.70,2,B
10:08:32,2032.70,1,B
10:08:32,2032.70,2,B
10:08:32,2032.70,1,B
10:08:32,2032.70,2,B
10:08:32,2032.70,4,B
10:08:32,2032.90,2,M
10:08:30,2032.70,1,B
10:08:29,2032.70,1,B
10:08:29,2032.70,1,B
10:08:29,2032.70,1,B
10:08:28,2032.70,1,B
10:08:26,2033.00,5,M
10:08:26,2033.00,1,M
10:08:25,2032.70,2,B
10:08:24,2032.70,18,B
10:08:24,2033.00,5,M
10:08:22,2033.00,1,M
10:08:22,2032.70,1,B
10:08:22,2032.70,1,B
10:08:20,2033.00,1,M
10:08:20,2033.00,2,M
10:08:20,2033.00,2,M
10:08:19,2033.00,1,M
10:08:19,2033.00,1,M
10:08:18,2033.00,1,M
10:08:16,2033.00,1,M
10:08:16,2033.00,1,M
10:08:16,2033.00,2,M
10:08:16,2032.70,1,B
10:08:15,2033.00,2,M
10:08:14,2033.00,1,M
10:08:13,2033.00,1,M
10:08:13,2032.90,1,B
10:08:12,2032.80,1,M
10:08:12,2032.80,1,M
10:08:12,2032.80,1,M
10:08:12,2033.00,3,M
10:08:11,2033.00,1,M
10:08:11,2033.00,1,M
10:08:10,2033.00,1,M
10:08:10,2032.70,1,B
10:08:10,2033.00,1,M
10:08:10,2033.00,6,M
10:08:10,2032.90,18,M
10:08:09,2032.90,1,B
10:08:09,2032.90,1,B
10:08:09,2033.00,1,M
10:08:09,2033.00,1,M
10:08:08,2033.00,3,M
10:08:08,2033.00,1,M
10:08:08,2033.00,1,M
