Time,Price,Volume,Side
09:55:11,1788.70,1,M
09:55:10,1788.60,1,B
09:55:09,1789.00,1,M
09:55:09,1788.40,3,B
09:55:09,1788.40,1,B
09:55:09,1788.40,3,B
09:55:09,1788.60,1,B
09:55:08,1788.50,1,M
09:55:08,1789.40,1,M
09:55:08,1789.40,6,M
09:55:08,1789.30,1,M
09:55:08,1789.30,1,M
09:55:08,1789.30,1,M
09:55:08,1789.10,1,M
09:55:08,1789.00,1,M
09:55:08,1789.00,1,M
09:55:08,1789.00,1,M
09:55:08,1788.90,1,M
09:55:08,1788.90,15,M
09:55:07,1788.40,1,B
09:55:06,1788.40,1,B
09:55:06,1788.50,1,B
09:55:05,1788.50,1,B
09:55:05,1788.50,1,B
09:55:04,1788.60,1,B
09:55:04,1789.10,1,M
09:55:03,1788.40,1,B
09:55:03,1788.50,1,B
09:55:02,1788.50,1,B
09:55:02,1788.50,1,B
09:55:02,1788.50,1,B
09:55:02,1788.60,1,B
09:55:01,1788.50,1,B
09:55:01,1788.50,1,B
09:55:01,1789.50,3,M
09:55:01,1789.40,1,M
09:55:01,1788.30,1,B
09:55:01,1788.50,1,B
09:55:01,1788.70,6,B
09:55:01,1789.00,5,B
09:55:01,1789.00,1,B
09:55:01,1789.20,1,B
09:55:01,1789.30,4,B
09:55:01,1789.40,1,B
09:55:00,1789.60,1,M
09:55:00,1789.60,1,M
09:55:00,1789.60,1,M
09:54:59,1789.60,2,M
09:54:59,1789.60,1,M
09:54:59,1789.60,4,M
09:54:57,1789.60,2,M
09:54:57,1789.30,1,M
09:54:56,1789.70,9,M
09:54:56,1789.40,1,M
09:54:53,1789.70,2,M
09:54:53,1789.60,1,M
09:54:53,1789.60,1,M
09:54:53,1789.60,2,M
09:54:53,1789.60,1,M
09:54:53,1789.50,1,M
09:54:53,1789.30,1,B
09:54:53,1789.50,1,M
09:54:52,1789.00,1,B
09:54:51,1789.30,1,M
09:54:51,1789.00,1,M
09:54:51,1789.00,1,M
09:54:51,1789.00,1,M
09:54:50,1789.00,6,M
09:54:50,1789.00,2,M
09:54:50,1789.00,1,M
09:54:50,1789.00,2,M
09:54:50,1789.00,1,M
09:54:50,1789.00,1,M
09:54:49,1789.00,5,M
09:54:49,1789.00,3,M
09:54:49,1789.00,3,M
09:54:49,1789.00,4,M
09:54:49,1789.00,3,M
09:54:49,1789.00,1,M
09:54:49,1789.00,1,M
09:54:49,1788.90,1,B
09:54:48,1788.90,1,B
09:54:48,1788.30,1,B
09:54:48,1788.40,1,B
09:54:48,1788.90,1,M
09:54:48,1788.90,1,M
09:54:48,1788.90,2,M
09:54:48,1788.80,1,M
09:54:48,1788.80,4,M
09:54:46,1788.80,1,M
09:54:45,1788.80,1,M
09:54:45,1788.30,3,B
09:54:43,1788.30,1,M
09:54:43,1788.00,1,M
09:54:36,1788.30,22,M
09:54:36,1787.80,2,B
09:54:36,1788.10,3,B
09:54:35,1788.00,6,M
09:54:35,1788.00,2,M
09:54:35,1787.90,7,M
09:54:35,1787.80,1,M
09:54:35,1787.30,1,B
09:54:35,1787.90,3,M
09:54:35,1787.50,7,M
09:54:35,1787.30,1,B
09:54:35,1787.50,1,M
09:54:35,1787.50,10,B
09:54:35,1787.50,11,B
09:54:35,1787.80,1,B
09:54:33,1787.90,1,M
09:54:33,1787.90,3,M
09:54:32,1787.90,3,M
09:54:32,1787.90,3,M
09:54:32,1787.90,3,M
09:54:32,1787.90,1,B
09:54:32,1787.90,6,B
09:54:32,1788.00,2,B
09:54:32,1788.20,5,B
09:54:32,1788.20,5,B
09:54:32,1788.30,1,B
09:54:32,1788.70,15,B
09:54:31,1788.90,2,M
09:54:31,1788.80,1,M
09:54:31,1788.70,22,M
09:54:30,1788.70,1,M
09:54:30,1788.70,1,M
09:54:30,1788.70,1,M
09:54:29,1788.20,5,B
09:54:29,1788.20,1,B
09:54:29,1788.00,1,M
09:54:28,1787.90,2,B
09:54:26,1787.90,2,B
09:54:25,1787.90,2,M
09:54:23,1787.80,1,B
09:54:21,1787.80,1,B
09:54:20,1787.80,2,B
09:54:19,1787.70,1,B
09:54:19,1788.90,4,M
09:54:19,1788.90,4,M
09:54:19,1788.70,1,M
09:54:19,1788.70,1,M
09:54:19,1788.20,4,M
09:54:19,1788.10,1,M
09:54:19,1788.00,8,M
09:54:19,1787.90,1,M
09:54:18,1787.50,17,M
09:54:18,1787.50,30,M
09:54:18,1787.30,2,B
09:54:18,1787.30,1,B
09:54:17,1787.40,1,B
09:54:17,1787.40,2,B
09:54:16,1787.40,1,B
09:54:15,1787.40,1,B
09:54:14,1787.50,3,M
09:54:14,1787.50,1,M
09:54:14,1787.50,1,M
09:54:13,1787.40,1,B
09:54:13,1787.50,1,M
09:54:13,1787.50,1,M
09:54:12,1787.50,1,B
09:54:11,1787.50,1,M
09:54:10,1787.50,1,B
09:54:09,1787.50,1,B
09:54:09,1788.00,1,M
09:54:09,1788.00,6,M
09:54:09,1787.90,1,M
09:54:09,1788.00,2,M
09:54:08,1787.40,1,B
09:54:08,1787.90,1,B
09:54:07,1788.00,1,M
09:54:07,1787.90,1,B
09:54:07,1788.00,1,B
09:54:06,1788.10,1,M
09:54:05,1788.10,2,B
09:54:05,1788.10,2,B
09:54:05,1788.20,1,M
09:54:05,1788.10,1,B
09:54:04,1788.70,3,M
09:54:04,1788.80,1,M
09:54:04,1788.80,2,M
09:54:04,1788.40,2,M
09:54:04,1788.10,1,B
09:54:04,1788.40,21,M
09:54:03,1788.20,1,B
09:54:03,1788.20,1,B
09:54:03,1788.40,1,M
09:54:03,1788.40,1,M
09:54:03,1788.70,5,B
09:54:03,1788.70,1,B
09:54:02,1788.90,21,M
09:54:02,1788.80,1,B
09:54:02,1788.80,1,B
09:54:02,1788.80,1,B
09:54:02,1788.90,1,B
09:54:01,1789.00,1,M
09:54:01,1788.90,1,B
09:54:01,1788.90,1,B
09:54:01,1789.00,1,M
09:54:01,1789.00,2,M
09:54:01,1789.00,1,M
09:54:00,1789.00,20,M
09:53:59,1788.90,2,B
09:53:59,1789.20,3,M
09:53:58,1789.00,1,B
09:53:58,1789.20,3,M
09:53:57,1789.50,3,M
09:53:57,1788.90,3,B
09:53:57,1789.00,16,B
09:53:57,1789.00,1,B
09:53:57,1789.10,1,B
09:53:56,1789.20,1,B
09:53:56,1789.50,1,M
09:53:55,1789.50,1,B
09:53:55,1789.60,1,M
09:53:55,1789.40,1,M
09:53:53,1789.50,1,M
09:53:53,1788.90,1,B
09:53:53,1789.00,1,B
09:53:53,1789.70,4,M
09:53:53,1789.70,3,M
09:53:53,1789.70,5,M
09:53:53,1789.60,1,M
09:53:53,1789.70,1,M
09:53:52,1788.70,1,M
09:53:52,1788.70,20,B
09:53:52,1788.80,3,B
09:53:52,1788.80,6,B
09:53:52,1789.90,1,M
09:53:52,1789.80,1,M
09:53:52,1789.80,1,M
09:53:52,1789.80,1,M
09:53:52,1789.70,1,M
09:53:52,1789.50,2,M
09:53:52,1789.40,1,M
09:53:52,1789.20,1,M
09:53:52,1789.10,6,M
09:53:52,1789.00,1,M
09:53:52,1789.00,7,M
09:53:52,1789.00,2,M
09:53:52,1789.00,1,M
09:53:52,1788.90,1,M
09:53:52,1788.80,3,M
09:53:51,1788.80,1,M
09:53:51,1788.80,1,M
09:53:51,1788.70,1,B
09:53:51,1788.70,6,M
09:53:51,1788.70,1,M
09:53:51,1788.00,1,M
09:53:51,1787.80,1,M
09:53:49,1787.40,1,M
09:53:48,1787.40,3,M
09:53:47,1787.30,1,B
09:53:47,1787.30,1,B
09:53:47,1787.40,1,M
09:53:47,1787.40,1,M
09:53:47,1787.40,1,M
09:53:47,1787.40,6,M
09:53:47,1787.40,6,B
09:53:47,1788.10,1,B
09:53:47,1788.20,1,B
09:53:46,1788.80,1,M
09:53:46,1788.80,1,M
09:53:46,1788.70,1,M
09:53:45,1788.80,1,M
09:53:45,1788.80,3,M
09:53:45,1788.00,1,M
09:53:45,1787.90,1,M
09:53:45,1787.40,15,M
09:53:45,1787.40,1,M
09:53:44,1787.40,4,M
09:53:44,1787.80,1,M
09:53:44,1787.40,1,M
09:53:43,1787.40,1,M
09:53:43,1787.40,1,M
09:53:42,1787.40,1,M
09:53:41,1787.40,3,M
09:53:41,1787.30,22,M
09:53:41,1787.20,1,B
09:53:41,1787.20,1,B
09:53:41,1787.30,1,M
09:53:41,1787.30,1,B
09:53:41,1787.30,6,B
09:53:40,1788.90,6,M
09:53:40,1788.80,1,M
09:53:40,1788.30,1,M
09:53:40,1788.10,1,M
09:53:40,1788.00,4,M
09:53:40,1788.00,1,M
09:53:40,1787.50,16,M
09:53:40,1787.40,1,M
09:53:38,1787.20,1,B
09:53:37,1787.20,1,M
09:53:35,1787.20,1,B
09:53:35,1787.20,1,B
09:53:34,1787.40,5,B
09:53:33,1787.50,2,M
09:53:32,1787.50,1,B
09:53:32,1787.60,1,B
09:53:32,1787.60,1,B
09:53:32,1788.10,1,M
09:53:32,1788.10,1,M
09:53:31,1788.10,1,M
09:53:31,1788.00,1,M
09:53:30,1787.70,1,B
09:53:30,1787.40,1,B
09:53:30,1788.10,4,M
09:53:30,1788.00,1,M
09:53:29,1787.70,1,M
09:53:29,1787.70,1,M
09:53:29,1787.70,1,M
09:53:29,1787.70,1,M
09:53:29,1787.70,1,M
09:53:28,1787.70,1,M
09:53:27,1788.10,1,B
09:53:27,1788.50,1,B
09:53:27,1789.00,4,B
09:53:27,1789.10,1,M
09:53:26,1789.20,2,M
09:53:26,1789.10,1,M
09:53:26,1788.60,1,M
09:53:26,1788.40,1,M
09:53:25,1789.20,11,M
09:53:25,1789.20,1,M
09:53:25,1788.90,6,M
09:53:25,1788.80,1,M
09:53:25,1788.70,1,M
09:53:25,1788.70,1,M
09:53:25,1788.50,6,M
09:53:25,1788.20,1,M
09:53:25,1788.00,1,M
09:53:25,1787.70,1,M
09:53:24,1787.70,1,M
09:53:24,1787.70,2,M
09:53:23,1787.70,2,M
09:53:23,1787.70,1,M
09:53:23,1787.70,15,M
09:53:22,1787.20,1,B
09:53:22,1787.70,1,M
09:53:22,1787.70,1,M
09:53:22,1787.70,1,M
09:53:22,1787.70,1,M
09:53:21,1787.20,1,M
09:53:21,1787.00,25,M
09:53:21,1787.00,2,M
09:53:21,1787.00,3,M
09:53:21,1787.00,22,M
09:53:20,1787.00,4,M
09:53:20,1786.90,1,M
09:53:20,1786.90,5,M
09:53:20,1786.90,30,M
09:53:20,1786.90,15,M
09:53:20,1786.90,5,M
09:53:20,1786.80,8,M
09:53:20,1786.70,2,M
09:53:19,1786.50,1,B
09:53:19,1786.50,2,M
09:53:19,1786.40,2,B
09:53:18,1786.30,5,M
09:53:18,1786.30,1,M
09:53:16,1785.90,1,M
09:53:15,1785.90,1,M
09:53:15,1785.70,1,M
09:53:15,1785.70,1,M
09:53:11,1786.20,1,M
09:53:10,1785.90,1,B
09:53:09,1786.40,1,M
09:53:09,1786.40,3,M
09:53:09,1785.90,1,M
09:53:08,1785.60,1,B
09:53:08,1785.70,8,B
09:53:08,1785.70,8,B
09:53:08,1785.80,1,B
09:53:08,1785.90,1,M
09:53:07,1786.30,1,M
09:53:06,1786.40,1,M
09:53:06,1785.70,4,B
09:53:06,1785.80,1,B
09:53:06,1785.90,17,B
09:53:06,1785.90,1,B
09:53:06,1786.00,1,B
09:53:06,1786.20,1,M
09:53:06,1786.20,1,M
09:53:05,1786.30,1,M
09:53:05,1786.40,2,M
09:53:04,1785.70,18,B
09:53:04,1785.80,3,B
09:53:04,1786.50,1,M
09:53:04,1786.50,1,M
09:53:04,1786.50,1,B
09:53:03,1786.70,1,M
09:53:03,1786.70,3,M
09:53:02,1786.50,1,M
09:53:02,1786.00,1,B
09:53:02,1786.00,14,M
09:53:02,1785.90,5,M
09:53:02,1785.90,1,M
09:53:02,1785.90,1,M
09:53:02,1785.90,1,M
09:53:02,1785.80,1,M
09:53:02,1785.30,1,B
09:53:01,1785.60,1,B
09:53:01,1785.30,1,B
09:53:01,1785.30,1,B
09:53:01,1785.30,1,B
09:53:01,1785.30,1,B
09:53:01,1785.40,1,B
09:53:01,1785.30,1,B
09:53:01,1785.30,1,B
09:53:01,1786.00,1,M
09:53:01,1786.00,1,M
09:53:01,1786.00,14,M
09:53:01,1785.70,1,M
09:53:01,1785.70,1,M
09:53:01,1785.70,3,M
09:53:01,1785.60,1,M
09:53:01,1785.10,1,B
09:53:01,1785.10,1,B
09:53:01,1785.70,1,M
09:53:01,1785.60,1,M
09:53:01,1785.20,1,B
09:53:00,1785.10,2,B
09:53:00,1785.70,4,M
09:53:00,1785.60,1,M
09:53:00,1785.10,1,B
09:53:00,1785.60,1,M
09:53:00,1785.10,1,B
09:53:00,1785.10,1,B
09:53:00,1785.10,3,B
09:52:59,1785.00,20,M
09:52:59,1785.00,1,M
09:52:59,1784.80,1,M
09:52:59,1784.70,1,M
09:52:59,1784.60,2,B
09:52:59,1784.70,1,B
09:52:59,1784.70,1,M
09:52:59,1784.50,1,M
09:52:59,1784.40,2,M
09:52:58,1784.30,2,B
09:52:58,1784.30,1,B
09:52:56,1784.30,1,B
09:52:56,1784.80,1,M
09:52:56,1784.30,3,B
09:52:56,1784.80,1,M
09:52:56,1784.70,1,M
09:52:55,1784.30,1,B
09:52:55,1784.30,1,B
09:52:55,1784.50,1,B
09:52:55,1784.60,1,B
09:52:55,1784.70,1,B
09:52:55,1784.80,1,M
09:52:55,1784.80,4,M
09:52:55,1785.00,1,B
09:52:55,1785.00,4,B
09:52:55,1785.00,1,B
09:52:55,1785.00,1,B
09:52:55,1785.00,1,B
09:52:55,1785.00,2,B
09:52:55,1785.00,1,B
09:52:55,1785.00,1,B
09:52:55,1785.00,1,B
09:52:55,1785.00,1,B
09:52:55,1785.00,2,B
09:52:55,1785.00,1,B
09:52:55,1785.00,1,B
09:52:55,1785.00,5,B
09:52:55,1785.00,1,B
09:52:55,1785.00,3,B
09:52:55,1785.00,1,B
09:52:55,1785.00,1,B
09:52:55,1785.00,1,B
09:52:55,1785.00,10,B
09:52:55,1785.00,4,B
09:52:55,1785.00,1,B
09:52:55,1785.00,2,B
09:52:55,1785.00,27,B
09:52:54,1785.00,8,B
09:52:54,1785.00,20,B
09:52:54,1785.00,8,B
09:52:54,1785.00,25,B
09:52:54,1785.00,12,B
09:52:54,1785.00,1,B
09:52:54,1785.00,1,B
09:52:54,1785.00,5,B
09:52:54,1785.00,5,B
09:52:54,1785.00,1,B
09:52:54,1785.00,5,B
09:52:54,1785.10,1,M
09:52:54,1785.00,1,B
09:52:54,1785.00,5,B
09:52:53,1785.00,1,B
09:52:53,1785.00,2,B
09:52:53,1785.00,8,B
09:52:52,1785.10,1,B
09:52:51,1785.10,8,B
09:52:51,1785.10,1,B
09:52:51,1785.10,1,B
09:52:51,1785.10,1,B
09:52:51,1785.10,1,B
09:52:51,1785.20,8,B
09:52:51,1785.50,10,B
09:52:51,1785.20,15,B
09:52:51,1785.30,15,B
09:52:51,1785.40,1,B
09:52:51,1785.60,1,B
09:52:50,1785.60,1,B
09:52:50,1785.60,11,B
09:52:50,1785.60,1,B
09:52:49,1785.60,5,B
09:52:49,1785.70,1,B
09:52:49,1785.70,3,B
09:52:49,1785.80,1,B
09:52:49,1786.10,1,B
09:52:48,1785.70,3,B
09:52:48,1786.00,8,B
09:52:46,1786.90,1,M
09:52:46,1785.60,1,B
09:52:46,1785.90,1,B
09:52:46,1785.90,1,B
09:52:46,1786.00,1,B
09:52:46,1786.00,1,B
09:52:46,1786.00,1,B
09:52:46,1786.10,5,B
09:52:46,1786.10,1,B
09:52:46,1786.30,6,B
09:52:46,1786.80,1,B
09:52:46,1786.90,1,B
09:52:45,1787.00,1,M
09:52:44,1787.00,9,M
09:52:43,1787.00,1,M
09:52:42,1787.00,1,M
09:52:41,1786.90,1,B
09:52:41,1786.90,1,B
09:52:41,1787.00,1,M
09:52:41,1787.00,1,B
09:52:41,1787.60,1,M
09:52:41,1787.20,1,B
09:52:40,1787.70,13,M
09:52:40,1787.70,1,M
09:52:39,1787.20,1,B
09:52:39,1787.20,1,B
09:52:38,1787.20,1,B
09:52:38,1787.20,2,B
09:52:37,1787.70,20,M
09:52:37,1787.40,1,M
09:52:36,1787.20,1,B
09:52:36,1787.20,4,B
09:52:36,1787.70,3,M
09:52:36,1787.50,1,M
09:52:36,1787.20,2,B
09:52:35,1787.20,1,B
09:52:35,1787.50,1,M
09:52:35,1787.40,1,M
09:52:35,1787.20,1,B
09:52:35,1787.20,1,M
09:52:35,1787.10,6,M
09:52:35,1787.00,1,M
09:52:35,1787.00,1,M
09:52:35,1787.00,1,M
09:52:35,1786.30,2,M
09:52:35,1786.30,1,M
09:52:34,1786.30,3,M
09:52:34,1786.00,1,B
09:52:34,1786.30,1,M
09:52:33,1786.00,1,B
09:52:33,1786.00,1,B
09:52:33,1786.00,8,B
09:52:33,1786.00,4,B
09:52:32,1786.00,2,B
09:52:32,1786.20,1,M
09:52:32,1786.00,1,B
09:52:32,1786.00,1,B
09:52:32,1786.00,1,M
09:52:32,1786.00,5,M
09:52:32,1785.90,1,M
09:52:32,1785.90,1,M
09:52:32,1785.80,1,M
09:52:32,1785.70,1,M
09:52:32,1785.00,1,B
09:52:32,1785.00,1,B
09:52:32,1785.00,1,B
09:52:32,1785.00,26,B
09:52:32,1785.10,1,B
09:52:32,1785.00,3,B
09:52:32,1785.50,1,M
09:52:32,1785.00,5,B
09:52:32,1785.00,1,B
09:52:32,1785.00,2,B
09:52:32,1785.00,10,B
09:52:32,1785.00,4,B
09:52:31,1785.10,1,B
09:52:31,1785.10,1,B
09:52:31,1785.10,2,B
09:52:31,1785.10,2,B
09:52:31,1785.20,1,B
09:52:31,1785.60,1,B
09:52:30,1785.10,1,B
09:52:30,1785.10,1,B
09:52:30,1785.10,6,B
09:52:30,1785.60,1,B
09:52:30,1785.10,2,B
09:52:30,1785.10,1,B
09:52:30,1785.20,1,B
09:52:30,1785.20,1,B
09:52:30,1785.10,1,B
09:52:30,1785.10,1,B
09:52:30,1785.20,1,B
09:52:30,1785.20,1,B
09:52:30,1785.30,1,B
09:52:30,1785.70,1,B
09:52:30,1785.70,1,M
09:52:30,1785.70,1,M
09:52:30,1785.70,1,M
09:52:30,1785.60,1,M
09:52:30,1785.50,1,M
09:52:29,1785.50,1,M
09:52:29,1785.20,2,B
09:52:29,1785.20,1,B
09:52:29,1785.20,1,B
09:52:29,1785.30,1,B
09:52:29,1785.40,1,B
09:52:29,1785.60,1,M
09:52:29,1785.50,1,B
09:52:29,1785.60,1,M
09:52:29,1785.60,1,M
09:52:29,1785.60,3,M
09:52:29,1785.50,3,B
09:52:29,1785.50,3,B
09:52:28,1785.60,1,M
09:52:28,1785.50,1,B
09:52:28,1785.50,1,B
09:52:28,1785.60,7,B
09:52:28,1785.70,1,M
09:52:28,1785.70,1,M
09:52:27,1785.70,1,M
09:52:27,1785.70,1,M
09:52:26,1785.70,1,M
09:52:26,1785.60,1,B
09:52:26,1785.70,2,M
09:52:26,1785.60,2,B
09:52:26,1785.70,1,M
09:52:26,1786.00,1,B
09:52:26,1786.00,1,B
09:52:26,1786.00,1,B
09:52:26,1786.00,1,B
09:52:26,1786.00,1,B
09:52:26,1786.00,1,B
09:52:26,1786.00,1,B
09:52:26,1786.00,1,B
09:52:26,1786.00,2,B
09:52:26,1786.00,1,B
09:52:26,1786.00,1,B
09:52:26,1786.00,3,B
09:52:26,1786.00,2,B
09:52:26,1786.00,1,B
09:52:26,1786.10,5,B
09:52:26,1786.10,1,B
09:52:26,1786.10,1,B
09:52:26,1786.10,1,B
09:52:26,1786.10,1,B
09:52:26,1786.20,1,B
09:52:26,1786.50,1,B
09:52:26,1786.60,1,M
09:52:26,1786.50,1,M
09:52:26,1786.20,1,B
09:52:26,1786.30,1,B
09:52:26,1786.40,1,B
09:52:25,1786.60,4,M
09:52:25,1786.30,1,B
09:52:25,1786.10,1,B
09:52:25,1787.50,1,M
09:52:25,1786.20,1,B
09:52:25,1786.20,1,B
09:52:24,1786.10,4,B
09:52:24,1786.10,1,B
09:52:24,1786.10,1,B
09:52:24,1786.60,1,B
09:52:24,1787.00,1,B
09:52:24,1787.00,7,B
09:52:24,1787.40,3,B
09:52:24,1787.50,2,B
09:52:24,1787.40,1,M
09:52:23,1787.00,3,B
09:52:23,1787.00,2,B
09:52:23,1787.00,1,B
09:52:23,1787.00,1,B
09:52:23,1787.10,1,B
09:52:23,1787.20,1,B
09:52:23,1787.10,9,B
09:52:22,1787.20,1,M
09:52:22,1787.20,1,M
09:52:22,1787.10,3,B
09:52:21,1787.10,1,B
09:52:21,1787.00,1,B
09:52:21,1787.00,1,B
09:52:21,1787.00,1,B
09:52:21,1787.10,1,B
09:52:21,1787.10,1,B
09:52:20,1787.10,1,B
09:52:20,1787.10,1,B
09:52:20,1787.60,1,B
09:52:20,1787.10,2,B
09:52:20,1787.10,1,B
09:52:20,1787.10,1,B
09:52:20,1787.20,1,B
09:52:20,1787.30,1,B
09:52:19,1787.40,1,B
09:52:19,1787.70,1,M
09:52:19,1787.30,1,B
09:52:18,1787.90,1,M
09:52:18,1787.80,1,M
09:52:18,1787.10,1,B
09:52:18,1787.20,1,B
09:52:18,1787.20,1,B
09:52:18,1787.20,1,B
09:52:18,1787.20,1,B
09:52:18,1787.30,1,B
09:52:17,1787.20,2,B
09:52:17,1787.10,7,B
09:52:17,1787.10,1,B
09:52:17,1787.10,1,B
09:52:17,1787.50,1,B
09:52:17,1787.60,1,B
09:52:17,1787.80,5,B
09:52:17,1787.90,1,B
09:52:17,1787.90,1,B
09:52:17,1788.00,6,B
09:52:17,1788.10,1,B
09:52:17,1788.50,1,M
09:52:15,1788.70,1,M
09:52:15,1788.00,1,B
09:52:15,1788.00,1,B
09:52:15,1788.00,10,B
09:52:15,1788.10,3,B
09:52:15,1788.20,1,B
09:52:15,1788.20,1,B
09:52:15,1788.20,1,B
09:52:15,1788.40,1,B
09:52:15,1788.50,1,B
09:52:15,1788.50,1,B
09:52:15,1789.00,3,M
09:52:15,1788.70,1,M
09:52:15,1788.60,1,M
09:52:15,1788.60,1,M
09:52:14,1789.00,6,M
09:52:14,1789.00,1,M
09:52:14,1789.00,1,M
09:52:14,1788.90,6,M
09:52:14,1788.80,5,M
09:52:14,1788.70,1,M
09:52:14,1788.40,1,M
09:52:14,1788.10,1,B
09:52:14,1788.10,2,B
09:52:14,1788.00,7,B
09:52:14,1788.10,1,B
09:52:14,1788.40,1,B
09:52:14,1788.80,1,B
09:52:14,1789.00,1,M
09:52:13,1789.00,2,M
09:52:13,1788.90,1,M
09:52:13,1789.00,1,B
09:52:13,1789.00,2,B
09:52:13,1789.10,1,B
09:52:13,1789.20,1,B
09:52:11,1789.40,1,M
09:52:11,1789.30,1,B
09:52:10,1789.90,5,M
09:52:10,1789.90,2,M
09:52:10,1789.80,1,M
09:52:10,1789.70,1,B
09:52:10,1789.90,2,M
09:52:10,1789.80,1,M
09:52:10,1789.10,1,B
09:52:10,1789.10,1,B
09:52:10,1789.40,1,B
09:52:10,1789.60,5,B
09:52:10,1789.70,2,B
09:52:09,1789.70,1,B
09:52:09,1789.70,1,B
09:52:09,1789.00,1,B
09:52:09,1789.10,12,B
09:52:09,1789.10,1,B
09:52:09,1789.30,1,B
09:52:08,1789.90,1,M
09:52:08,1789.70,1,M
09:52:08,1789.80,1,M
09:52:08,1789.00,3,B
09:52:08,1789.20,1,B
09:52:07,1789.90,1,M
09:52:07,1790.00,1,M
09:52:07,1789.90,6,M
09:52:07,1789.70,8,M
09:52:07,1789.70,5,M
09:52:06,1789.20,1,M
09:52:05,1788.70,8,B
09:52:05,1788.90,1,M
09:52:05,1788.90,1,M
09:52:05,1788.90,4,M
09:52:05,1788.90,6,M
09:52:05,1788.80,2,M
09:52:05,1788.80,1,M
09:52:05,1788.80,2,M
09:52:05,1788.80,1,M
09:52:05,1788.80,1,M
09:52:05,1788.80,1,M
09:52:05,1788.80,2,M
09:52:05,1788.80,4,M
09:52:05,1788.80,3,M
09:52:05,1788.80,2,M
09:52:05,1788.70,1,M
09:52:05,1788.70,1,M
09:52:05,1788.80,2,M
09:52:05,1788.80,1,M
09:52:05,1788.80,3,M
09:52:05,1788.80,1,M
09:52:05,1788.80,6,M
09:52:05,1788.70,6,M
09:52:05,1788.60,2,M
09:52:05,1788.50,1,M
09:52:05,1788.30,6,M
09:52:05,1788.30,2,M
09:52:03,1788.00,1,M
09:52:03,1787.90,7,M
09:52:03,1787.80,1,M
09:52:03,1787.80,1,M
09:52:03,1787.80,1,M
09:52:03,1787.80,1,M
09:52:03,1787.80,1,M
09:52:02,1787.80,1,M
09:52:02,1787.70,1,B
09:52:01,1787.80,1,M
09:52:01,1787.80,1,M
09:52:00,1787.80,1,M
09:51:59,1787.80,8,M
09:51:58,1787.90,5,M
09:51:58,1787.90,13,B
09:51:58,1788.30,8,M
09:51:58,1788.30,3,M
09:51:58,1788.30,1,M
09:51:58,1788.30,1,M
09:51:57,1788.30,1,M
09:51:57,1788.30,1,M
09:51:56,1788.30,8,M
09:51:56,1788.20,12,M
09:51:56,1787.80,1,M
09:51:56,1787.80,7,M
09:51:56,1787.70,1,M
09:51:56,1787.60,1,M
09:51:55,1787.70,1,M
09:51:54,1787.10,1,M
09:51:54,1787.10,1,M
09:51:54,1787.10,1,M
09:51:54,1787.10,1,M
09:51:53,1787.10,1,M
09:51:52,1787.10,1,M
09:51:50,1787.10,1,B
09:51:50,1787.20,1,B
09:51:50,1787.20,1,B
09:51:50,1787.20,1,B
09:51:49,1787.30,1,B
09:51:49,1787.60,4,M
09:51:49,1787.50,7,M
09:51:49,1787.50,1,M
09:51:49,1787.60,1,M
09:51:49,1787.30,1,B
09:51:48,1787.70,5,M
09:51:48,1787.30,1,B
09:51:48,1787.70,1,M
09:51:48,1787.80,1,M
09:51:47,1787.80,1,M
09:51:47,1787.80,1,M
09:51:47,1787.80,1,M
09:51:47,1787.30,4,B
09:51:46,1787.30,1,B
09:51:46,1787.60,14,B
09:51:46,1787.60,1,B
09:51:46,1787.80,2,B
09:51:46,1787.90,1,B
09:51:46,1788.00,1,B
09:51:46,1788.40,1,M
09:51:46,1788.50,1,M
09:51:46,1788.50,1,M
09:51:46,1788.30,1,B
09:51:46,1788.40,1,M
09:51:45,1788.50,1,M
09:51:45,1787.80,1,B
09:51:45,1787.80,6,B
09:51:45,1787.90,3,B
09:51:44,1788.60,1,M
09:51:44,1788.40,4,B
09:51:44,1788.60,1,M
09:51:44,1788.60,1,M
09:51:44,1788.30,1,M
09:51:43,1788.60,1,M
09:51:43,1788.50,6,M
09:51:43,1788.40,2,M
09:51:43,1787.70,1,B
09:51:43,1787.90,1,B
09:51:43,1787.90,11,B
09:51:43,1787.90,1,B
09:51:43,1787.90,1,B
09:51:43,1788.30,2,M
09:51:43,1788.30,1,M
09:51:42,1787.90,1,B
09:51:42,1787.90,1,B
09:51:42,1788.20,1,M
09:51:42,1788.10,1,M
09:51:41,1787.90,1,M
09:51:41,1787.50,1,B
09:51:41,1788.20,1,M
09:51:41,1788.20,1,M
09:51:41,1788.00,1,M
09:51:41,1787.40,1,M
09:51:40,1787.30,1,B
09:51:40,1787.30,2,M
09:51:40,1787.30,1,M
09:51:40,1787.30,1,M
09:51:40,1787.20,1,B
09:51:39,1787.00,1,M
09:51:39,1786.90,1,M
09:51:39,1786.90,2,M
09:51:39,1786.90,5,M
09:51:39,1786.80,5,M
09:51:39,1786.70,10,M
09:51:39,1786.70,4,M
09:51:39,1786.70,3,M
09:51:39,1786.70,5,M
09:51:38,1786.70,41,M
09:51:38,1786.60,2,B
09:51:38,1786.70,3,M
09:51:38,1786.70,1,M
09:51:38,1786.60,6,B
09:51:38,1786.60,24,B
09:51:38,1786.40,7,M
09:51:37,1786.10,1,B
09:51:37,1786.40,1,M
09:51:37,1786.30,2,M
09:51:36,1786.10,8,B
09:51:36,1786.00,1,B
09:51:36,1786.00,1,B
09:51:36,1786.10,2,M
09:51:36,1786.10,1,B
09:51:36,1786.60,1,M
09:51:36,1786.70,1,M
09:51:36,1786.50,1,M
09:51:35,1786.00,1,B
09:51:35,1786.00,1,B
09:51:35,1786.00,1,B
09:51:35,1786.00,2,B
09:51:35,1786.00,1,B
09:51:35,1786.10,7,M
09:51:34,1786.10,1,B
09:51:34,1786.10,1,B
09:51:34,1786.50,1,M
09:51:34,1786.20,3,M
09:51:34,1786.20,1,M
09:51:34,1786.20,2,B
09:51:34,1786.20,1,B
09:51:34,1786.30,1,B
09:51:33,1786.50,1,B
09:51:33,1786.60,1,B
09:51:33,1786.60,1,B
09:51:33,1786.60,6,B
09:51:33,1786.60,20,B
09:51:33,1786.60,1,B
09:51:33,1786.60,20,B
09:51:33,1786.70,1,B
09:51:33,1786.80,2,M
09:51:33,1786.80,1,M
09:51:32,1786.60,3,B
09:51:32,1786.70,1,B
09:51:32,1786.70,1,B
09:51:32,1786.70,20,B
09:51:32,1786.90,1,B
09:51:31,1786.70,3,B
09:51:31,1786.80,2,B
09:51:31,1787.50,1,M
09:51:31,1787.50,4,M
09:51:31,1787.20,1,M
09:51:31,1787.20,1,M
09:51:31,1787.10,1,M
09:51:31,1786.70,2,B
09:51:31,1786.70,1,B
09:51:31,1786.70,10,B
09:51:31,1786.80,1,B
09:51:31,1786.80,1,B
09:51:31,1786.80,3,B
09:51:31,1786.90,1,B
09:51:31,1787.00,1,B
09:51:31,1787.00,10,B
09:51:30,1787.10,1,B
09:51:30,1787.30,1,B
09:51:29,1787.40,4,B
09:51:29,1787.90,1,M
09:51:29,1787.40,2,B
09:51:29,1787.60,1,B
09:51:29,1787.60,2,B
09:51:27,1787.60,6,B
09:51:27,1787.70,1,B
09:51:27,1787.80,8,B
09:51:27,1787.90,1,B
09:51:27,1788.00,1,B
09:51:27,1788.00,1,B
09:51:27,1788.00,1,B
09:51:27,1788.10,3,B
09:51:27,1788.50,1,M
09:51:27,1788.50,1,M
09:51:27,1788.40,1,M
09:51:25,1788.50,1,M
09:51:25,1787.80,2,B
09:51:25,1788.00,10,B
09:51:25,1788.00,3,B
09:51:25,1788.00,1,B
09:51:25,1788.00,1,B
09:51:25,1788.00,1,B
09:51:25,1788.10,1,B
09:51:25,1788.10,1,B
09:51:24,1788.60,1,M
09:51:24,1788.50,1,M
09:51:23,1788.50,1,M
09:51:22,1788.10,1,B
09:51:21,1788.60,2,M
09:51:21,1788.60,6,M
09:51:19,1787.90,2,M
09:51:19,1787.90,1,M
09:51:19,1787.90,12,M
09:51:19,1787.90,1,M
09:51:19,1787.80,1,M
09:51:19,1787.80,1,M
09:51:19,1787.70,1,M
09:51:19,1787.60,1,M
09:51:19,1787.80,2,M
09:51:19,1787.70,1,M
09:51:18,1787.60,1,M
09:51:18,1787.50,7,B
09:51:18,1787.50,2,B
09:51:18,1787.50,2,B
09:51:18,1787.50,1,B
09:51:18,1787.50,5,B
09:51:18,1787.50,1,M
09:51:18,1787.40,1,M
09:51:18,1787.30,1,M
09:51:18,1787.30,1,M
09:51:17,1787.00,1,M
09:51:17,1786.80,1,M
09:51:17,1786.80,1,M
09:51:17,1786.80,1,M
09:51:17,1786.80,1,M
09:51:16,1786.80,2,M
09:51:16,1786.70,1,B
09:51:16,1786.70,1,B
09:51:16,1786.90,1,M
09:51:15,1786.70,1,B
09:51:15,1786.70,2,B
09:51:15,1786.70,1,B
09:51:14,1786.70,1,B
09:51:14,1786.70,1,B
09:51:14,1786.70,1,B
09:51:14,1786.70,1,B
09:51:14,1786.70,1,B
09:51:14,1786.90,1,M
09:51:14,1786.80,3,M
09:51:14,1786.80,13,M
09:51:14,1786.80,1,M
09:51:14,1786.80,4,M
09:51:14,1786.80,1,B
09:51:14,1786.80,1,B
09:51:13,1786.70,1,B
09:51:13,1786.70,1,B
09:51:13,1786.90,1,M
09:51:13,1786.80,5,M
09:51:13,1786.90,1,M
09:51:13,1786.70,1,B
09:51:12,1786.90,1,B
09:51:12,1786.90,1,B
09:51:12,1786.80,1,B
09:51:12,1787.40,7,M
09:51:12,1786.80,1,M
09:51:12,1786.80,12,M
09:51:11,1786.80,2,B
09:51:11,1786.90,1,B
09:51:11,1787.40,4,B
09:51:11,1787.50,1,B
09:51:11,1787.50,1,B
09:51:11,1787.50,1,B
09:51:11,1787.50,1,M
09:51:11,1787.50,1,M
09:51:11,1787.40,1,B
09:51:11,1787.40,1,B
09:51:11,1787.40,1,M
09:51:11,1787.40,1,M
09:51:11,1786.80,11,M
09:51:11,1787.00,2,B
09:51:11,1787.00,6,B
09:51:11,1787.00,1,B
09:51:11,1787.00,5,B
09:51:11,1787.10,1,B
09:51:11,1787.20,14,B
09:51:10,1787.40,1,B
09:51:10,1787.20,1,B
09:51:10,1787.30,1,B
09:51:10,1787.80,4,M
09:51:10,1787.20,1,B
09:51:09,1787.20,4,B
09:51:09,1787.20,1,B
09:51:09,1787.30,1,B
09:51:09,1787.40,3,B
09:51:09,1787.80,1,B
09:51:09,1787.90,1,B
09:51:09,1787.40,2,B
09:51:09,1787.50,11,B
09:51:09,1787.50,1,B
09:51:09,1787.50,1,B
09:51:09,1787.60,8,B
09:51:09,1787.70,5,B
09:51:09,1787.80,3,B
09:51:09,1787.80,3,B
09:51:09,1787.80,6,B
09:51:09,1788.50,1,M
09:51:09,1788.50,1,M
09:51:09,1787.70,7,B
09:51:09,1787.70,12,B
09:51:09,1787.70,1,B
09:51:09,1788.00,1,B
09:51:09,1788.10,1,B
09:51:09,1788.10,4,B
09:51:09,1788.20,1,B
09:51:09,1788.30,1,B
09:51:09,1788.50,10,B
09:51:09,1788.50,3,B
09:51:08,1788.50,1,M
09:51:08,1788.50,1,M
09:51:07,1788.50,5,B
09:51:07,1788.70,1,M
09:51:06,1788.20,1,B
09:51:06,1788.80,1,M
09:51:06,1788.80,2,M
09:51:06,1788.40,1,M
09:51:06,1788.10,1,M
09:51:06,1788.00,1,M
09:51:06,1788.00,1,M
09:51:05,1788.00,1,M
09:51:05,1787.90,3,M
09:51:05,1787.90,1,M
09:51:05,1787.90,1,M
09:51:04,1787.80,1,B
09:51:04,1788.10,1,M
09:51:04,1787.40,1,B
09:51:04,1788.20,1,M
09:51:04,1787.10,2,M
09:51:04,1787.30,3,B
09:51:04,1787.20,1,B
09:51:04,1789.00,1,M
09:51:04,1789.00,8,M
09:51:04,1788.90,1,M
09:51:04,1788.80,1,M
09:51:04,1788.30,1,M
09:51:04,1788.30,1,M
09:51:04,1788.10,1,M
09:51:04,1788.00,1,M
09:51:04,1788.00,2,M
09:51:04,1788.00,1,M
09:51:04,1787.80,1,M
09:51:04,1787.50,1,M
09:51:04,1787.00,1,B
09:51:04,1787.10,1,M
09:51:04,1787.10,1,M
09:51:04,1787.00,1,B
09:51:03,1787.00,6,B
09:51:03,1787.00,22,M
09:51:03,1787.00,1,M
09:51:03,1787.00,1,M
09:51:03,1786.70,1,B
09:51:02,1787.00,1,B
09:51:02,1787.10,1,B
09:51:02,1787.10,1,B
09:51:01,1787.00,1,B
09:51:01,1787.00,2,B
09:51:01,1787.00,1,B
09:51:01,1787.00,1,B
09:51:01,1788.40,1,B
09:51:01,1787.00,1,B
09:51:01,1787.00,2,B
09:51:01,1787.00,1,B
09:51:01,1787.00,3,B
09:51:01,1787.00,1,B
09:51:01,1787.00,1,B
09:51:01,1787.00,1,B
09:51:01,1787.10,1,B
09:51:01,1787.10,1,B
09:51:01,1787.20,1,B
09:51:01,1787.30,2,B
09:51:01,1787.50,1,B
09:51:01,1787.60,4,B
09:51:01,1787.70,2,B
09:51:01,1788.00,3,B
09:51:01,1788.00,1,B
09:51:01,1788.00,3,B
09:51:01,1788.00,1,B
09:51:01,1788.00,1,B
09:51:01,1788.00,2,B
09:51:01,1788.00,1,B
09:51:01,1788.00,1,B
09:51:01,1788.10,1,B
09:51:01,1788.10,5,B
09:51:01,1788.10,1,B
09:51:01,1788.20,1,B
09:51:01,1788.20,1,B
09:51:01,1788.10,4,B
09:51:01,1789.40,1,M
09:51:01,1788.10,5,B
09:51:01,1788.10,1,B
09:51:01,1788.20,1,B
09:51:01,1788.30,2,B
09:51:01,1788.30,2,B
09:51:01,1788.50,1,B
09:51:01,1788.90,4,B
09:51:01,1789.00,1,B
09:51:01,1789.10,3,B
09:51:01,1789.10,2,B
09:51:01,1789.10,1,B
09:51:01,1789.00,1,B
09:51:01,1789.00,1,B
09:51:01,1789.00,14,B
09:51:01,1789.00,8,B
09:51:01,1789.00,1,B
09:51:01,1789.00,7,B
09:51:01,1789.10,6,B
09:51:01,1789.10,2,B
09:51:01,1789.10,1,B
09:51:01,1789.30,1,B
09:51:01,1789.10,1,M
09:51:01,1789.00,30,B
09:51:00,1789.00,9,B
09:51:00,1789.10,5,B
09:51:00,1789.10,10,B
09:51:00,1789.10,1,B
09:51:00,1789.20,1,B
09:51:00,1790.10,1,B
09:51:00,1790.10,3,B
09:51:00,1789.20,15,B
09:51:00,1789.40,2,B
09:51:00,1789.50,5,B
09:51:00,1789.80,1,B
09:51:00,1790.00,7,B
09:51:00,1790.60,1,M
09:51:00,1790.50,2,M
09:51:00,1790.00,11,B
09:51:00,1790.00,1,B
09:51:00,1790.00,1,B
09:51:00,1790.00,17,B
09:51:00,1790.00,88,B
09:51:00,1790.00,38,B
09:51:00,1790.30,1,B
09:51:00,1790.50,1,B
09:51:00,1790.50,1,B
09:51:00,1790.50,1,B
09:51:00,1790.50,1,M
09:51:00,1790.50,1,B
09:50:59,1790.50,1,M
09:50:59,1790.00,11,B
09:50:59,1790.10,8,B
09:50:59,1790.10,5,B
09:50:59,1790.30,1,B
09:50:59,1790.30,5,B
09:50:59,1790.30,5,B
09:50:59,1790.30,3,B
09:50:59,1790.40,22,B
09:50:59,1790.40,3,B
09:50:59,1790.50,1,M
09:50:58,1790.50,12,B
09:50:58,1790.60,1,M
09:50:58,1790.40,1,B
09:50:57,1790.60,1,B
09:50:56,1790.60,5,B
09:50:56,1790.70,2,B
09:50:56,1790.80,1,B
09:50:56,1790.90,2,B
09:50:56,1790.90,1,B
09:50:56,1790.90,3,B
09:50:56,1791.00,1,B
09:50:56,1791.00,1,B
09:50:56,1791.00,1,B
09:50:56,1791.00,2,B
09:50:56,1791.00,22,B
09:50:55,1791.10,1,B
09:50:55,1791.10,1,B
09:50:55,1791.10,1,B
09:50:55,1791.10,1,B
09:50:55,1791.30,1,B
09:50:55,1791.40,19,B
09:50:53,1791.80,1,M
09:50:53,1791.30,1,B
09:50:53,1791.70,1,B
09:50:52,1791.80,1,B
09:50:52,1791.90,10,M
09:50:52,1791.90,2,B
09:50:51,1792.40,1,M
09:50:51,1792.30,1,M
09:50:51,1792.00,1,M
09:50:51,1792.30,2,B
09:50:50,1792.30,1,M
09:50:50,1791.80,1,B
09:50:50,1791.70,1,B
09:50:50,1791.70,1,B
09:50:49,1792.40,1,M
09:50:49,1792.40,21,M
09:50:49,1792.30,2,M
09:50:49,1792.20,1,M
09:50:49,1792.10,1,M
09:50:49,1792.10,4,M
09:50:49,1792.00,1,M
09:50:49,1792.00,1,M
09:50:49,1792.00,1,M
09:50:49,1791.90,1,M
09:50:49,1791.80,1,M
09:50:48,1791.70,1,B
09:50:48,1792.00,1,M
09:50:48,1792.00,2,M
09:50:48,1792.00,1,M
09:50:48,1792.00,2,M
09:50:48,1791.90,1,M
09:50:48,1791.90,19,M
09:50:48,1791.80,1,M
09:50:48,1791.80,3,M
09:50:47,1791.80,11,M
09:50:47,1791.80,1,M
09:50:47,1791.80,1,M
09:50:47,1791.80,1,M
09:50:47,1791.60,1,M
09:50:46,1791.70,1,M
09:50:45,1791.00,10,B
09:50:45,1791.00,1,B
09:50:45,1791.10,1,B
09:50:45,1791.20,1,B
09:50:45,1791.20,1,B
09:50:45,1791.20,6,B
09:50:45,1791.80,15,B
09:50:45,1791.80,1,B
09:50:45,1791.90,1,M
09:50:45,1791.90,1,M
09:50:45,1791.90,5,M
09:50:45,1791.90,3,M
09:50:45,1791.90,3,M
09:50:45,1791.80,1,B
09:50:44,1791.90,1,M
09:50:44,1791.90,1,M
09:50:44,1792.00,1,M
09:50:44,1792.00,1,M
09:50:43,1792.10,1,M
09:50:43,1792.10,1,M
09:50:42,1791.80,1,B
09:50:42,1791.80,2,B
09:50:42,1791.10,1,B
09:50:42,1791.10,3,B
09:50:42,1791.40,20,B
09:50:42,1791.60,1,B
09:50:42,1791.70,1,B
09:50:42,1791.60,1,B
09:50:41,1792.30,1,M
09:50:40,1792.30,1,M
09:50:40,1792.10,1,M
09:50:40,1792.10,4,M
09:50:40,1792.00,1,M
09:50:40,1792.00,4,M
09:50:40,1792.00,1,M
09:50:40,1791.90,1,M
09:50:40,1791.90,1,M
09:50:40,1791.70,1,M
09:50:40,1791.60,1,M
09:50:40,1791.50,2,M
09:50:40,1791.10,1,M
09:50:40,1791.10,1,M
09:50:40,1791.10,1,M
09:50:40,1791.10,9,M
09:50:40,1791.00,1,B
09:50:39,1791.00,4,B
09:50:38,1791.10,1,M
09:50:38,1791.10,3,M
09:50:37,1791.00,1,B
09:50:37,1791.10,1,M
09:50:37,1791.10,5,M
09:50:37,1791.10,1,B
09:50:36,1791.10,1,B
09:50:36,1791.30,1,B
09:50:36,1791.10,1,B
09:50:35,1791.30,1,B
09:50:35,1791.20,1,B
09:50:35,1792.00,1,M
09:50:35,1792.00,4,M
09:50:34,1792.00,1,M
09:50:34,1791.90,1,M
09:50:34,1792.10,1,M
09:50:34,1792.10,1,M
09:50:34,1790.80,1,B
09:50:34,1792.00,1,B
09:50:34,1792.40,6,M
09:50:34,1792.20,1,M
09:50:34,1792.10,1,M
09:50:34,1792.00,1,M
09:50:34,1792.00,1,M
09:50:34,1791.70,1,M
09:50:34,1791.50,1,M
09:50:34,1791.30,1,M
09:50:34,1791.20,1,M
09:50:34,1791.20,1,M
09:50:34,1791.10,1,M
09:50:34,1791.10,6,M
09:50:34,1790.80,1,M
09:50:34,1790.60,2,M
09:50:33,1790.30,19,B
09:50:33,1790.50,1,B
09:50:32,1790.30,2,B
09:50:32,1790.70,1,B
09:50:32,1791.00,15,M
09:50:32,1791.00,1,M
09:50:32,1791.00,9,M
09:50:32,1790.90,1,M
09:50:32,1790.80,1,M
09:50:32,1790.80,3,M
09:50:32,1790.70,1,M
09:50:32,1790.70,1,M
09:50:32,1790.60,1,M
09:50:32,1790.40,1,M
09:50:32,1790.30,1,B
09:50:31,1790.70,1,M
09:50:31,1790.70,1,M
09:50:31,1790.00,15,B
09:50:31,1790.10,1,B
09:50:31,1790.10,1,B
09:50:31,1790.20,1,B
09:50:31,1790.30,1,B
09:50:31,1790.30,1,B
09:50:31,1790.40,1,B
09:50:31,1790.30,1,B
09:50:31,1791.00,4,M
09:50:31,1790.90,1,M
09:50:31,1790.80,2,M
09:50:30,1790.20,1,B
09:50:30,1790.20,3,B
09:50:30,1790.30,1,M
09:50:30,1790.20,2,B
09:50:30,1790.20,1,B
09:50:29,1790.30,1,B
09:50:29,1790.50,1,B
09:50:29,1790.90,1,B
09:50:29,1790.90,1,B
09:50:29,1790.90,1,M
09:50:29,1790.80,1,M
09:50:29,1790.70,3,M
09:50:29,1790.60,1,M
09:50:29,1790.10,1,B
09:50:28,1790.00,11,B
09:50:28,1790.40,1,B
09:50:28,1790.40,9,B
09:50:28,1790.50,1,B
09:50:28,1790.50,1,B
09:50:27,1790.90,2,M
09:50:27,1790.90,1,M
09:50:27,1790.50,1,B
09:50:27,1791.00,1,M
09:50:25,1790.50,1,B
09:50:24,1791.00,1,M
09:50:24,1790.50,1,B
09:50:24,1790.50,1,B
09:50:24,1790.70,1,B
09:50:23,1791.00,1,M
09:50:23,1791.00,1,M
09:50:23,1790.70,1,B
09:50:22,1790.70,1,B
09:50:22,1790.40,4,B
09:50:22,1790.50,1,B
09:50:22,1791.00,8,M
09:50:22,1791.00,3,M
09:50:22,1791.00,3,M
09:50:22,1791.00,1,M
09:50:22,1791.00,1,M
09:50:22,1791.00,1,M
09:50:22,1791.00,2,M
09:50:22,1791.00,1,M
09:50:22,1791.00,1,M
09:50:22,1791.00,4,M
09:50:21,1791.00,1,M
09:50:21,1791.00,5,M
09:50:21,1791.00,3,M
09:50:21,1791.00,7,M
09:50:21,1791.00,1,M
09:50:21,1791.00,1,M
09:50:21,1791.00,4,M
09:50:21,1790.90,1,M
09:50:21,1790.40,1,B
09:50:21,1791.00,2,M
09:50:21,1790.90,1,M
09:50:21,1790.50,6,M
09:50:20,1791.00,1,M
09:50:20,1791.00,5,M
09:50:20,1791.00,1,M
09:50:20,1791.00,2,M
09:50:20,1791.00,1,M
09:50:20,1790.90,1,M
09:50:20,1790.90,6,M
09:50:20,1790.70,1,M
09:50:20,1790.70,2,M
09:50:20,1790.70,1,M
09:50:20,1790.20,1,B
09:50:20,1790.30,1,B
09:50:20,1790.70,3,M
09:50:20,1790.50,5,M
09:50:20,1790.40,1,M
09:50:20,1790.40,6,M
09:50:19,1790.20,1,B
09:50:19,1790.00,3,B
09:50:19,1790.20,1,M
09:50:19,1790.00,2,B
09:50:17,1790.00,5,M
09:50:17,1790.00,1,M
09:50:17,1790.00,5,M
09:50:17,1789.90,1,M
09:50:17,1789.80,1,M
09:50:17,1789.80,1,M
09:50:17,1789.60,1,M
09:50:17,1789.30,1,M
09:50:17,1789.30,2,M
09:50:17,1789.00,30,B
09:50:17,1789.00,2,B
09:50:17,1789.20,1,M
09:50:17,1789.00,2,B
09:50:17,1789.00,8,B
09:50:16,1789.20,1,B
09:50:16,1789.00,5,B
09:50:16,1789.20,25,B
09:50:16,1789.00,7,B
09:50:16,1789.00,1,B
09:50:16,1789.00,1,B
09:50:16,1789.10,11,B
09:50:16,1789.10,1,M
09:50:16,1789.10,1,M
09:50:16,1789.10,1,M
09:50:15,1789.10,6,B
09:50:15,1789.10,1,B
09:50:15,1789.30,1,B
09:50:14,1789.30,1,B
09:50:14,1789.40,1,B
09:50:13,1789.70,1,B
09:50:12,1789.40,1,B
09:50:12,1789.40,1,B
09:50:11,1789.20,1,B
09:50:10,1790.50,1,M
09:50:10,1790.40,6,M
09:50:10,1790.30,1,M
09:50:10,1790.00,1,M
09:50:10,1789.80,1,M
09:50:10,1789.70,1,M
09:50:10,1789.60,5,M
09:50:10,1789.60,2,M
09:50:10,1789.60,5,M
09:50:10,1789.60,2,M
09:50:10,1789.50,1,M
09:50:10,1789.50,1,M
09:50:10,1789.50,1,M
09:50:10,1789.40,1,M
09:50:10,1789.20,3,M
09:50:10,1789.00,1,M
09:50:10,1789.00,1,M
09:50:10,1788.80,1,B
09:50:10,1789.00,1,M
09:50:10,1789.00,1,B
09:50:09,1789.00,1,B
09:50:09,1789.00,2,B
09:50:09,1789.10,1,B
09:50:09,1789.20,1,B
09:50:09,1789.20,1,B
09:50:08,1789.60,1,M
09:50:07,1789.20,1,M
09:50:07,1789.10,1,B
09:50:07,1789.20,1,B
09:50:06,1789.20,1,B
09:50:06,1789.20,1,B
09:50:06,1789.20,1,B
09:50:06,1789.20,1,B
09:50:06,1789.40,1,B
09:50:06,1789.40,2,B
09:50:06,1789.60,1,M
09:50:05,1789.40,3,B
09:50:05,1789.60,1,M
09:50:05,1789.60,4,M
09:50:05,1789.50,1,M
09:50:05,1789.20,1,B
09:50:05,1789.40,1,M
09:50:05,1789.40,1,M
09:50:05,1789.20,5,B
09:50:05,1789.30,1,B
09:50:03,1789.40,1,B
09:50:03,1789.40,1,B
09:50:03,1789.40,3,B
09:50:03,1789.40,1,B
09:50:03,1789.40,1,B
09:50:03,1789.50,5,B
09:50:02,1789.50,1,B
09:50:02,1789.70,1,B
09:50:02,1789.60,8,B
09:50:02,1790.40,1,M
09:50:02,1790.50,1,M
09:50:02,1789.30,1,B
09:50:02,1789.30,5,B
09:50:02,1789.40,1,B
09:50:02,1789.40,6,B
09:50:02,1789.60,12,B
09:50:02,1789.70,5,B
09:50:01,1789.70,1,B
09:50:01,1789.70,1,B
09:50:01,1789.80,1,M
09:50:01,1789.90,1,M
09:50:01,1789.30,1,B
09:50:01,1789.50,1,B
09:50:01,1789.20,1,B
09:50:00,1789.20,5,B
09:50:00,1789.20,5,B
09:50:00,1789.20,5,B
09:50:00,1789.30,1,B
09:50:00,1789.40,5,B
09:50:00,1789.40,1,B
09:50:00,1790.00,5,B
09:50:00,1790.10,1,B
09:50:00,1790.30,1,B
09:50:00,1790.40,1,B
09:50:00,1790.50,5,B
09:50:00,1790.70,1,B
09:50:00,1790.80,1,B
09:50:00,1790.80,1,B
09:50:00,1790.80,1,B
09:50:00,1790.80,1,B
09:50:00,1790.90,1,B
09:50:00,1791.00,1,B
09:50:00,1791.00,5,B
09:50:00,1791.10,1,B
09:50:00,1791.10,2,B
09:50:00,1791.20,1,B
09:50:00,1791.20,1,B
09:50:00,1791.30,1,B
09:49:59,1791.50,2,M
09:49:59,1791.40,1,B
09:49:59,1791.50,1,M
09:49:59,1791.30,1,B
09:49:59,1791.10,2,B
09:49:59,1791.20,1,B
09:49:59,1791.20,4,B
09:49:58,1791.50,1,M
09:49:58,1791.20,1,B
09:49:58,1791.60,1,M
09:49:58,1791.50,1,B
09:49:58,1791.20,1,B
09:49:58,1791.20,1,B
09:49:58,1791.40,1,B
09:49:58,1792.60,3,M
09:49:58,1792.50,1,M
09:49:58,1792.50,6,M
09:49:58,1792.40,1,M
09:49:58,1792.40,6,M
09:49:58,1792.30,1,M
09:49:58,1792.30,1,M
09:49:58,1791.90,1,M
09:49:58,1791.80,1,M
09:49:58,1791.80,1,M
09:49:58,1791.10,2,B
09:49:58,1791.10,1,B
09:49:58,1791.20,1,B
09:49:58,1791.10,1,B
09:49:58,1792.40,1,M
09:49:57,1791.00,1,B
09:49:57,1792.60,1,M
09:49:57,1792.50,1,M
09:49:57,1790.90,2,B
09:49:57,1790.90,1,B
09:49:57,1790.90,1,B
09:49:57,1790.90,1,B
09:49:57,1790.90,5,B
09:49:57,1791.10,1,B
09:49:57,1791.10,1,B
09:49:57,1791.10,6,B
09:49:57,1791.20,1,B
09:49:57,1791.40,6,B
09:49:57,1791.50,6,B
09:49:57,1791.70,6,B
09:49:57,1791.90,8,B
09:49:57,1791.90,1,B
09:49:57,1792.10,2,B
09:49:57,1792.20,1,B
09:49:57,1792.30,1,B
09:49:57,1792.30,1,B
09:49:57,1792.30,1,B
09:49:57,1792.40,3,B
09:49:56,1792.90,1,B
09:49:56,1793.00,1,M
09:49:56,1792.90,1,B
09:49:56,1793.00,1,M
09:49:56,1793.00,2,B
09:49:56,1793.00,1,B
09:49:56,1793.00,1,B
09:49:56,1793.10,15,B
09:49:56,1793.20,5,B
09:49:56,1793.70,1,M
09:49:56,1793.20,1,B
09:49:56,1793.20,1,B
09:49:55,1793.20,6,B
09:49:55,1793.20,1,B
09:49:55,1793.10,2,B
09:49:55,1793.30,1,B
09:49:55,1793.20,1,B
09:49:55,1793.20,1,B
09:49:55,1793.30,1,B
09:49:55,1793.70,1,M
09:49:55,1793.70,4,M
09:49:55,1793.50,3,M
09:49:54,1793.50,1,M
09:49:54,1793.50,1,M
09:49:54,1793.50,1,M
09:49:54,1793.30,2,M
09:49:54,1793.30,2,M
09:49:54,1793.30,3,M
09:49:54,1793.30,1,M
09:49:54,1793.30,1,M
09:49:53,1793.20,1,B
09:49:53,1793.30,1,M
09:49:53,1793.30,1,M
09:49:53,1793.20,1,B
09:49:53,1793.10,1,B
09:49:53,1793.20,2,M
09:49:53,1793.00,1,M
09:49:53,1792.80,1,M
09:49:53,1792.10,1,M
09:49:53,1792.40,1,B
09:49:53,1793.10,1,M
09:49:53,1792.90,6,M
09:49:53,1792.30,5,M
09:49:53,1792.20,1,M
09:49:52,1791.80,1,B
09:49:52,1793.20,1,M
09:49:52,1793.20,15,M
09:49:52,1793.20,1,M
09:49:52,1793.20,1,M
09:49:52,1793.20,1,M
09:49:52,1793.10,1,M
09:49:52,1793.10,1,M
09:49:52,1793.10,1,M
09:49:52,1793.00,8,M
09:49:52,1793.00,1,M
09:49:52,1793.00,1,M
09:49:52,1793.00,5,M
09:49:52,1793.00,1,M
09:49:52,1793.00,1,M
09:49:52,1793.00,1,M
09:49:52,1793.00,1,M
09:49:52,1793.00,1,M
09:49:52,1793.00,1,M
09:49:52,1793.00,1,M
09:49:52,1793.00,1,M
09:49:52,1793.00,1,M
09:49:52,1793.00,3,M
09:49:52,1792.90,1,M
09:49:52,1792.90,6,M
09:49:52,1792.40,1,M
09:49:52,1792.30,1,M
09:49:52,1792.30,1,M
09:49:52,1792.20,1,M
09:49:52,1792.10,3,M
09:49:52,1791.60,9,M
09:49:52,1791.60,6,M
09:49:52,1791.60,1,M
09:49:52,1791.60,1,M
09:49:52,1791.60,1,M
09:49:52,1791.60,1,M
09:49:52,1792.00,2,B
09:49:52,1792.20,2,B
09:49:52,1792.20,1,B
09:49:52,1792.30,1,B
09:49:51,1793.00,3,M
09:49:51,1792.80,2,M
09:49:51,1792.70,1,M
09:49:51,1792.70,1,M
09:49:51,1792.60,2,M
09:49:51,1792.60,1,M
09:49:51,1792.60,2,M
09:49:51,1792.50,1,M
09:49:51,1792.50,10,M
09:49:51,1792.40,2,M
09:49:51,1792.30,5,M
09:49:51,1792.30,1,M
09:49:51,1792.40,9,M
09:49:51,1792.40,1,M
09:49:51,1792.40,1,M
09:49:51,1792.20,1,M
09:49:51,1792.10,2,M
09:49:51,1792.00,1,M
09:49:51,1792.00,1,M
09:49:51,1792.00,1,M
09:49:51,1792.00,3,M
09:49:51,1792.00,1,M
09:49:51,1792.00,1,M
09:49:51,1792.00,2,M
09:49:51,1791.90,1,M
09:49:51,1791.90,3,M
09:49:51,1791.90,1,M
09:49:51,1791.80,1,M
09:49:50,1792.00,24,M
09:49:50,1791.90,6,M
09:49:50,1791.00,1,B
09:49:50,1791.00,1,B
09:49:50,1791.10,3,B
09:49:50,1792.00,27,M
09:49:50,1791.90,2,M
09:49:50,1791.40,1,M
09:49:50,1791.90,1,M
09:49:50,1791.80,6,M
09:49:50,1791.70,3,M
09:49:50,1791.70,1,M
09:49:50,1791.60,1,M
09:49:50,1791.60,1,M
09:49:50,1791.60,1,M
09:49:50,1791.60,1,M
09:49:50,1791.50,12,M
09:49:50,1791.50,3,M
09:49:50,1790.90,1,B
09:49:50,1791.00,3,B
09:49:50,1791.10,1,B
09:49:50,1791.10,1,B
09:49:50,1791.00,2,M
09:49:49,1791.70,1,M
09:49:49,1790.70,5,B
09:49:49,1791.80,1,M
09:49:49,1790.50,1,B
09:49:49,1791.90,1,M
09:49:49,1791.90,1,M
09:49:48,1791.90,1,M
09:49:48,1792.00,2,M
09:49:48,1792.00,1,M
09:49:48,1792.00,1,M
09:49:48,1791.90,1,M
09:49:48,1791.80,1,M
09:49:48,1791.30,1,M
09:49:48,1791.20,1,M
09:49:48,1791.00,11,M
09:49:48,1790.80,1,M
09:49:48,1791.00,28,M
09:49:48,1790.90,1,M
09:49:48,1790.90,1,M
09:49:48,1790.20,1,B
09:49:48,1790.30,1,B
09:49:47,1791.00,29,M
09:49:47,1790.90,1,M
09:49:46,1791.00,4,M
09:49:46,1790.60,20,M
09:49:46,1790.30,2,M
09:49:46,1790.20,1,M
09:49:46,1790.20,1,M
09:49:46,1790.20,2,M
09:49:46,1790.30,4,M
09:49:46,1790.30,6,M
09:49:46,1790.20,1,M
09:49:46,1790.20,1,M
09:49:46,1790.20,1,M
09:49:46,1789.90,1,M
09:49:46,1789.90,4,M
09:49:46,1789.80,12,M
09:49:46,1789.90,2,M
09:49:46,1789.70,1,M
09:49:45,1789.30,1,B
09:49:45,1789.30,1,B
09:49:45,1789.30,1,B
09:49:45,1789.30,1,B
09:49:43,1789.40,1,M
09:49:41,1789.30,1,B
09:49:41,1789.10,1,M
09:49:41,1789.10,1,M
09:49:40,1789.00,1,B
09:49:40,1789.00,1,B
09:49:40,1789.00,1,B
09:49:40,1789.00,1,B
09:49:40,1789.00,2,B
09:49:40,1789.00,1,B
09:49:40,1789.00,1,B
09:49:40,1789.00,1,B
09:49:39,1789.00,1,B
09:49:39,1789.00,1,B
09:49:39,1788.90,1,M
09:49:39,1788.90,1,M
09:49:39,1788.90,2,M
09:49:39,1788.90,1,M
09:49:39,1788.80,1,B
09:49:39,1788.80,1,B
09:49:39,1788.80,1,B
09:49:39,1788.80,1,B
09:49:39,1788.80,1,B
09:49:39,1788.80,1,B
09:49:38,1788.80,1,B
09:49:38,1788.80,1,B
09:49:38,1788.80,3,B
09:49:38,1788.80,1,B
09:49:38,1788.80,1,B
09:49:38,1788.80,2,B
09:49:38,1788.80,1,B
09:49:38,1788.90,1,B
09:49:37,1788.90,1,B
09:49:37,1788.90,1,B
09:49:37,1788.80,1,B
09:49:37,1788.80,8,B
09:49:37,1788.90,6,B
09:49:37,1788.90,1,B
09:49:37,1789.00,1,B
09:49:37,1789.00,1,B
09:49:37,1789.00,1,B
09:49:37,1789.10,1,B
09:49:37,1789.20,1,B
09:49:36,1789.70,1,M
09:49:36,1789.60,1,M
09:49:36,1789.50,1,M
09:49:35,1790.00,3,M
09:49:35,1790.00,1,M
09:49:35,1790.00,1,M
09:49:35,1789.90,1,M
09:49:35,1789.90,1,M
09:49:35,1789.80,1,M
09:49:35,1789.70,1,M
09:49:35,1789.70,1,M
09:49:35,1788.80,22,B
09:49:35,1789.30,1,B
09:49:35,1789.30,1,B
09:49:35,1789.60,1,B
09:49:35,1790.00,8,B
09:49:33,1790.20,1,M
09:49:33,1790.00,2,B
09:49:33,1790.00,3,B
09:49:33,1790.00,1,B
09:49:33,1790.00,2,M
09:49:33,1790.00,4,M
09:49:33,1789.90,1,M
09:49:33,1789.90,1,M
09:49:33,1789.60,3,M
09:49:33,1789.50,1,M
09:49:33,1789.50,3,M
09:49:33,1789.40,1,M
09:49:33,1788.60,1,B
09:49:33,1788.60,1,B
09:49:33,1788.60,1,B
09:49:33,1788.60,1,B
09:49:33,1788.60,1,B
09:49:33,1788.60,1,B
09:49:33,1788.60,1,B
09:49:32,1788.60,1,B
09:49:32,1788.60,1,B
09:49:32,1788.60,2,B
09:49:32,1788.60,1,B
09:49:32,1788.60,2,B
09:49:32,1788.60,1,B
09:49:32,1788.60,1,B
09:49:32,1788.60,1,B
09:49:32,1788.60,1,B
09:49:32,1788.60,1,B
09:49:32,1788.60,1,B
09:49:32,1788.60,1,B
09:49:32,1788.60,1,B
09:49:32,1788.60,1,B
09:49:31,1788.60,1,B
09:49:31,1789.10,1,B
09:49:31,1788.60,1,B
09:49:31,1789.10,1,B
09:49:31,1788.60,1,B
09:49:31,1789.00,1,B
09:49:31,1790.00,1,M
09:49:31,1789.00,1,B
09:49:31,1789.10,1,B
09:49:31,1789.10,1,B
09:49:31,1789.10,1,B
09:49:31,1789.10,1,B
09:49:31,1789.10,1,B
09:49:31,1789.10,1,B
09:49:30,1789.00,8,B
09:49:30,1789.00,1,B
09:49:30,1789.10,5,B
09:49:30,1789.10,1,B
09:49:30,1789.10,1,B
09:49:30,1789.20,1,B
09:49:30,1789.30,4,B
09:49:30,1789.70,1,B
09:49:30,1789.70,1,B
09:49:30,1789.90,1,B
09:49:30,1789.90,1,B
09:49:30,1790.00,5,B
09:49:30,1790.00,8,B
09:49:30,1790.00,1,B
09:49:30,1790.00,5,B
09:49:30,1790.00,2,B
09:49:30,1790.00,1,B
09:49:30,1790.00,13,B
09:49:30,1790.00,37,B
09:49:30,1790.00,1,B
09:49:30,1790.00,1,B
09:49:30,1790.00,1,B
09:49:30,1790.00,2,B
09:49:30,1790.00,1,B
09:49:30,1790.10,1,B
09:49:30,1790.10,1,B
09:49:29,1790.00,16,B
09:49:29,1790.00,31,B
09:49:29,1790.10,1,B
09:49:29,1790.10,1,B
09:49:29,1790.10,1,B
09:49:29,1790.10,1,B
09:49:29,1790.30,1,B
09:49:29,1790.30,1,B
09:49:29,1790.30,1,B
09:49:29,1790.40,3,B
09:49:29,1790.80,1,M
09:49:28,1790.80,1,M
09:49:28,1790.90,1,B
09:49:28,1790.90,1,B
09:49:28,1790.90,3,B
09:49:28,1790.90,1,B
09:49:28,1790.90,1,M
09:49:28,1790.90,1,M
09:49:28,1790.90,1,M
09:49:28,1790.90,1,M
09:49:28,1790.90,1,M
09:49:28,1790.90,1,M
09:49:28,1790.90,1,M
09:49:27,1790.80,1,B
09:49:27,1790.90,1,B
09:49:27,1790.90,2,B
09:49:27,1790.90,1,M
09:49:27,1790.90,1,M
09:49:27,1790.90,1,M
09:49:27,1790.90,1,M
09:49:27,1790.90,1,M
09:49:26,1790.90,1,M
09:49:26,1790.80,1,B
09:49:26,1790.90,1,M
09:49:25,1790.90,1,M
09:49:25,1790.80,3,B
09:49:25,1790.90,1,B
09:49:25,1791.00,1,M
09:49:25,1791.00,1,B
09:49:25,1791.10,8,B
09:49:25,1791.10,2,B
09:49:25,1791.10,1,B
09:49:25,1791.10,1,B
09:49:25,1791.20,1,B
09:49:25,1791.20,1,B
09:49:25,1792.00,1,M
09:49:25,1792.00,1,M
09:49:25,1792.00,14,M
09:49:25,1791.80,1,M
09:49:25,1791.80,1,M
09:49:25,1791.60,2,M
09:49:25,1791.00,1,B
09:49:24,1791.70,1,M
09:49:24,1791.20,1,M
09:49:24,1791.00,1,B
09:49:24,1791.00,2,B
09:49:24,1791.00,1,B
09:49:24,1791.00,1,B
09:49:24,1791.00,1,B
09:49:23,1791.00,1,M
09:49:23,1791.00,1,M
09:49:23,1791.00,10,M
09:49:22,1791.00,1,B
09:49:22,1791.00,1,B
09:49:22,1791.00,1,B
09:49:22,1791.10,1,B
09:49:22,1791.10,1,B
09:49:22,1791.00,1,B
09:49:22,1791.80,1,M
09:49:22,1791.80,1,M
09:49:22,1792.00,6,M
09:49:22,1791.90,1,M
09:49:22,1791.70,1,M
09:49:22,1791.70,1,M
09:49:22,1791.70,1,M
09:49:22,1791.60,1,M
09:49:22,1791.60,1,M
09:49:22,1791.60,1,M
09:49:22,1791.60,2,M
09:49:22,1791.50,1,M
09:49:22,1791.50,1,M
09:49:22,1791.40,1,M
09:49:22,1791.30,1,M
09:49:22,1791.10,1,M
09:49:22,1790.80,1,B
09:49:22,1790.80,1,B
09:49:22,1791.00,1,B
09:49:22,1791.00,1,M
09:49:21,1790.80,1,B
09:49:21,1790.80,4,B
09:49:21,1791.00,24,B
09:49:21,1791.00,2,B
09:49:21,1791.00,1,B
09:49:21,1791.00,1,B
09:49:21,1791.00,1,B
09:49:21,1791.00,1,B
09:49:20,1791.00,1,M
09:49:20,1790.80,1,B
09:49:20,1790.80,2,B
09:49:20,1790.80,1,B
09:49:20,1790.80,1,B
09:49:20,1790.80,1,B
09:49:20,1790.80,1,B
09:49:19,1790.80,2,B
09:49:19,1791.00,1,M
09:49:19,1790.80,1,B
09:49:19,1790.80,2,B
09:49:19,1790.80,1,B
09:49:19,1790.80,1,B
09:49:19,1790.80,2,B
09:49:19,1790.90,1,B
09:49:18,1790.80,3,B
09:49:18,1790.90,1,B
09:49:18,1791.00,1,M
09:49:18,1790.80,7,B
09:49:18,1790.90,1,B
09:49:18,1790.80,1,M
09:49:18,1790.80,1,M
09:49:18,1790.60,1,M
09:49:18,1790.60,1,M
09:49:17,1790.30,1,B
09:49:17,1790.00,13,B
09:49:17,1790.10,1,B
09:49:17,1790.10,1,B
09:49:17,1790.10,1,B
09:49:17,1790.10,1,B
09:49:17,1790.10,1,B
09:49:17,1790.10,6,B
09:49:17,1790.30,1,B
09:49:17,1790.40,12,B
09:49:17,1790.40,1,B
09:49:17,1790.40,10,B
09:49:17,1790.60,1,B
09:49:17,1790.60,1,B
09:49:17,1790.40,1,B
09:49:17,1790.60,1,B
09:49:17,1790.40,1,B
09:49:16,1790.40,1,B
09:49:16,1790.50,1,B
09:49:16,1790.90,1,M
09:49:16,1790.30,1,B
09:49:16,1790.50,1,B
09:49:16,1790.40,1,B
09:49:15,1791.10,1,M
09:49:15,1791.00,1,M
09:49:15,1791.60,4,M
09:49:15,1791.20,5,M
09:49:15,1791.00,1,M
09:49:15,1791.10,1,M
09:49:15,1790.00,2,B
09:49:15,1791.70,1,M
09:49:15,1791.70,6,M
09:49:15,1791.70,1,M
09:49:15,1791.60,1,M
09:49:15,1791.60,1,M
09:49:15,1791.60,1,M
09:49:15,1791.30,1,M
09:49:15,1791.20,2,M
09:49:15,1790.00,1,B
09:49:15,1790.00,1,B
09:49:15,1790.00,1,B
09:49:15,1790.00,38,B
09:49:15,1790.10,1,B
09:49:15,1790.10,5,B
09:49:15,1790.10,2,B
09:49:15,1790.10,4,B
09:49:15,1790.10,1,B
09:49:15,1790.10,1,B
09:49:15,1790.00,1,B
09:49:15,1790.00,20,B
09:49:15,1790.00,20,B
09:49:15,1790.10,1,B
09:49:15,1790.10,1,B
09:49:15,1790.50,1,B
09:49:15,1790.50,1,B
09:49:15,1790.50,1,B
09:49:15,1790.80,1,B
09:49:15,1791.00,2,B
09:49:15,1791.20,1,B
09:49:15,1791.40,1,B
09:49:15,1791.40,1,B
09:49:15,1791.90,1,B
09:49:15,1792.00,1,B
09:49:15,1792.00,7,B
09:49:14,1792.00,12,B
09:49:14,1792.00,12,B
09:49:14,1792.50,3,M
09:49:14,1792.50,1,M
09:49:14,1792.00,1,B
09:49:14,1792.50,5,M
09:49:14,1792.40,20,M
09:49:14,1792.40,5,M
09:49:14,1792.00,18,B
09:49:14,1792.40,3,M
09:49:14,1792.00,30,B
09:49:14,1792.00,23,B
09:49:14,1792.10,7,B
09:49:14,1792.10,5,B
09:49:14,1792.40,3,M
09:49:14,1792.40,3,M
09:49:14,1792.50,3,M
09:49:13,1792.50,2,M
09:49:13,1792.50,1,M
09:49:13,1792.00,20,B
09:49:13,1792.00,6,B
09:49:13,1792.10,1,B
09:49:13,1792.10,1,B
09:49:13,1792.00,21,B
09:49:13,1792.10,2,B
09:49:13,1792.10,1,B
09:49:13,1792.30,1,B
09:49:13,1792.30,1,B
09:49:13,1792.40,1,B
09:49:13,1792.40,1,B
09:49:13,1792.50,1,B
09:49:13,1792.50,1,B
09:49:12,1792.70,2,B
09:49:12,1793.10,1,M
09:49:12,1792.90,2,M
09:49:12,1792.90,7,M
09:49:12,1792.90,1,M
09:49:12,1792.90,1,M
09:49:12,1792.70,1,B
09:49:12,1792.80,20,B
09:49:12,1792.80,19,B
09:49:12,1792.80,1,B
09:49:12,1792.90,1,M
09:49:12,1792.80,1,B
09:49:11,1793.10,1,M
09:49:11,1793.00,1,M
09:49:11,1792.90,1,B
09:49:11,1793.00,1,M
09:49:11,1792.70,2,B
09:49:11,1792.80,1,B
09:49:11,1793.00,12,B
09:49:11,1793.00,1,B
09:49:11,1793.00,1,B
09:49:11,1793.00,1,B
09:49:10,1793.00,3,B
09:49:10,1793.10,1,M
09:49:10,1793.00,1,B
09:49:10,1793.10,1,M
09:49:10,1793.10,1,M
09:49:10,1793.10,1,M
09:49:10,1793.10,1,M
09:49:10,1793.10,1,M
09:49:10,1793.10,1,M
09:49:10,1793.10,1,M
09:49:10,1793.10,1,M
09:49:10,1793.10,1,M
09:49:10,1793.00,1,B
09:49:10,1793.10,1,M
09:49:10,1793.00,1,B
09:49:10,1793.00,1,B
09:49:10,1793.00,1,M
09:49:10,1792.80,1,M
09:49:10,1792.70,1,B
09:49:10,1792.70,1,B
09:49:09,1792.40,1,B
09:49:09,1792.40,1,B
09:49:09,1793.10,1,M
09:49:09,1793.00,1,M
09:49:09,1793.00,1,M
09:49:09,1793.00,2,M
09:49:09,1793.00,2,M
09:49:09,1793.00,5,M
09:49:09,1793.00,1,M
09:49:09,1793.00,3,M
09:49:09,1792.50,1,B
09:49:09,1792.50,1,B
09:49:09,1793.00,16,M
09:49:09,1792.80,1,M
09:49:09,1792.80,1,M
09:49:09,1792.80,1,M
09:49:09,1792.80,1,M
09:49:09,1792.80,1,M
09:49:09,1792.70,29,M
09:49:09,1792.70,1,M
09:49:08,1792.80,1,M
09:49:08,1793.00,13,M
09:49:08,1793.00,1,M
09:49:08,1793.00,1,M
09:49:08,1793.00,1,M
09:49:08,1793.00,1,M
09:49:08,1793.00,1,M
09:49:08,1793.00,1,M
09:49:08,1793.00,1,M
09:49:08,1793.00,1,M
09:49:08,1793.00,1,M
09:49:08,1793.00,2,M
09:49:08,1793.00,1,M
09:49:08,1792.90,1,M
09:49:08,1792.90,1,M
09:49:08,1792.80,1,M
09:49:08,1792.80,2,M
09:49:08,1792.90,1,M
09:49:08,1792.00,2,B
09:49:08,1792.20,1,B
09:49:08,1792.30,1,B
09:49:08,1792.90,4,M
09:49:08,1792.90,3,M
09:49:08,1792.80,1,M
09:49:08,1792.80,1,M
09:49:08,1792.60,1,M
09:49:08,1792.60,1,M
09:49:08,1792.60,2,M
09:49:08,1792.60,1,M
09:49:08,1792.50,1,M
09:49:08,1792.30,1,B
09:49:07,1792.30,1,B
09:49:07,1792.40,1,M
09:49:07,1792.40,3,M
09:49:07,1792.40,3,M
09:49:07,1792.30,1,B
09:49:07,1792.40,1,M
09:49:07,1792.00,1,B
09:49:07,1792.40,1,M
09:49:07,1792.40,5,M
09:49:07,1792.40,1,M
09:49:07,1792.40,2,M
09:49:07,1792.30,2,M
09:49:07,1792.30,1,M
09:49:07,1792.30,1,M
09:49:07,1792.20,1,M
09:49:07,1792.10,1,M
09:49:07,1792.00,2,M
09:49:07,1792.00,1,M
09:49:07,1792.00,1,M
09:49:07,1792.00,1,M
09:49:07,1792.00,3,M
09:49:07,1792.00,2,M
09:49:07,1792.00,8,M
09:49:07,1792.00,1,M
09:49:07,1792.00,4,M
09:49:07,1792.00,17,M
09:49:07,1792.00,3,M
09:49:07,1792.00,5,M
09:49:07,1792.00,1,M
09:49:07,1792.00,1,M
09:49:07,1792.00,1,M
09:49:07,1792.00,1,M
09:49:07,1792.00,2,M
09:49:07,1792.00,1,M
09:49:07,1792.00,15,M
09:49:06,1792.00,1,M
09:49:06,1792.00,17,M
09:49:06,1791.90,1,M
09:49:06,1791.80,1,M
09:49:06,1791.80,11,M
09:49:06,1791.80,4,M
09:49:06,1791.70,5,M
09:49:05,1791.20,1,M
09:49:05,1791.00,1,M
09:49:05,1791.00,1,M
09:49:05,1791.00,4,M
09:49:05,1791.00,1,M
09:49:05,1791.00,1,M
09:49:05,1791.00,3,M
09:49:05,1791.00,2,M
09:49:05,1790.80,21,M
09:49:04,1790.50,1,B
09:49:04,1790.80,1,M
09:49:04,1790.90,8,B
09:49:04,1790.80,1,M
09:49:04,1790.70,1,M
09:49:03,1790.50,1,B
09:49:03,1790.50,1,B
09:49:03,1790.80,1,M
09:49:02,1790.20,1,M
09:49:02,1790.10,1,M
09:49:02,1790.10,1,M
09:49:02,1790.00,2,M
09:49:02,1790.00,3,M
09:49:02,1790.00,4,M
09:49:02,1789.70,1,M
09:49:02,1789.50,1,M
09:49:01,1789.50,1,B
09:49:01,1789.70,1,M
09:49:01,1790.00,23,M
09:49:01,1789.80,1,M
09:49:01,1789.80,1,M
09:49:01,1789.10,1,B
09:49:01,1789.90,1,M
09:49:01,1789.90,1,M
09:49:00,1790.00,4,M
09:49:00,1790.00,1,M
09:49:00,1789.90,1,M
09:49:00,1789.80,1,M
09:49:00,1789.80,6,M
09:49:00,1789.70,1,M
09:49:00,1789.60,1,M
09:49:00,1789.60,1,M
09:49:00,1789.60,1,M
09:49:00,1789.40,1,M
09:49:00,1789.20,10,M
09:49:00,1789.10,2,M
09:49:00,1789.00,1,M
09:49:00,1789.00,3,M
09:49:00,1788.90,1,B
09:49:00,1788.90,1,B
09:48:59,1788.70,13,M
09:48:59,1788.60,1,B
09:48:59,1788.60,1,B
09:48:59,1788.60,5,B
09:48:59,1788.70,1,M
09:48:59,1788.70,3,M
09:48:59,1788.60,2,B
09:48:58,1788.60,2,B
09:48:58,1788.70,1,B
09:48:58,1788.70,1,B
09:48:58,1788.80,1,B
09:48:58,1789.00,1,M
09:48:58,1789.00,6,M
09:48:58,1788.90,8,M
09:48:58,1788.70,6,M
09:48:57,1788.30,1,B
09:48:57,1788.60,2,M
09:48:56,1788.60,1,M
09:48:55,1788.30,1,B
09:48:54,1788.30,1,M
09:48:54,1788.30,1,M
09:48:54,1788.30,1,M
09:48:53,1788.70,1,M
09:48:53,1788.70,1,M
09:48:53,1788.70,1,M
09:48:53,1788.50,4,M
09:48:53,1788.00,1,M
09:48:53,1787.90,1,M
09:48:53,1787.90,1,M
09:48:53,1787.60,1,B
09:48:53,1787.70,1,B
09:48:53,1788.10,1,B
09:48:53,1787.70,1,B
09:48:53,1788.00,1,B
09:48:53,1788.00,1,B
09:48:53,1788.10,1,B
09:48:53,1788.10,1,B
09:48:53,1788.20,1,B
09:48:53,1788.20,1,B
09:48:53,1788.20,5,B
09:48:53,1788.40,4,B
09:48:53,1788.50,2,B
09:48:53,1788.50,2,B
09:48:52,1788.50,2,B
09:48:52,1788.90,1,M
09:48:52,1788.90,1,M
09:48:52,1789.00,3,B
09:48:52,1789.00,1,B
09:48:52,1789.20,1,B
09:48:52,1789.70,10,B
09:48:52,1789.70,1,B
09:48:52,1789.70,1,B
09:48:52,1789.70,1,B
09:48:52,1789.70,1,B
09:48:51,1789.10,16,M
09:48:51,1789.10,1,M
09:48:51,1789.10,1,M
09:48:51,1789.10,3,M
09:48:51,1789.10,1,M
09:48:51,1789.10,1,M
09:48:51,1789.10,1,M
09:48:51,1790.00,9,M
09:48:51,1789.90,1,M
09:48:51,1789.70,22,M
09:48:51,1789.60,1,M
09:48:51,1789.60,1,M
09:48:51,1789.50,6,M
09:48:51,1789.50,1,M
09:48:51,1789.40,1,M
09:48:51,1789.30,1,M
09:48:51,1789.10,7,M
09:48:51,1789.10,8,B
09:48:51,1789.20,9,B
09:48:51,1789.20,1,M
09:48:51,1789.10,2,B
09:48:51,1789.10,22,B
09:48:51,1789.10,1,B
09:48:50,1789.10,24,B
09:48:48,1789.10,1,M
09:48:48,1789.10,1,M
09:48:48,1788.80,1,M
09:48:48,1788.40,2,B
09:48:48,1788.60,1,B
09:48:48,1788.80,1,M
09:48:48,1788.90,1,B
09:48:48,1788.90,1,B
09:48:48,1789.00,1,B
09:48:48,1789.00,1,B
09:48:48,1789.00,1,B
09:48:48,1789.10,1,B
09:48:48,1789.10,1,B
09:48:48,1789.10,1,B
09:48:47,1789.60,1,M
09:48:47,1789.70,3,M
09:48:47,1789.70,1,M
09:48:47,1789.60,1,M
09:48:47,1789.60,1,M
09:48:47,1789.30,1,M
09:48:47,1789.20,1,M
09:48:47,1788.90,2,B
09:48:47,1789.20,6,M
09:48:47,1789.20,1,M
09:48:47,1789.00,1,M
09:48:47,1788.90,1,M
09:48:47,1788.90,1,M
09:48:47,1788.90,1,M
09:48:47,1788.90,1,M
09:48:47,1788.80,1,M
09:48:47,1788.70,3,M
09:48:47,1788.20,1,B
09:48:46,1788.20,4,B
09:48:46,1788.30,1,B
09:48:46,1788.50,15,B
09:48:46,1788.50,1,B
09:48:46,1788.80,1,M
09:48:46,1788.50,9,B
09:48:45,1788.20,1,B
09:48:45,1788.30,1,B
09:48:45,1788.30,1,B
09:48:45,1788.20,1,B
09:48:45,1788.60,1,B
09:48:45,1788.60,1,B
09:48:44,1788.70,1,B
09:48:44,1789.00,29,B
09:48:44,1789.00,21,B
09:48:44,1789.00,3,B
09:48:44,1789.00,3,B
09:48:44,1789.20,1,B
09:48:44,1789.20,1,B
09:48:44,1789.20,1,B
09:48:44,1789.00,5,B
09:48:44,1789.10,1,B
09:48:43,1789.00,6,B
09:48:43,1789.10,5,B
09:48:43,1789.10,1,B
09:48:43,1789.20,12,B
09:48:43,1789.20,1,B
09:48:41,1789.30,1,B
09:48:41,1789.40,1,B
09:48:41,1789.50,1,M
09:48:41,1789.40,1,B
09:48:41,1789.30,1,B
09:48:41,1790.00,12,M
09:48:41,1789.70,1,M
09:48:41,1789.60,7,M
09:48:41,1789.30,1,B
09:48:40,1789.60,18,M
09:48:40,1789.60,1,M
09:48:40,1789.50,1,M
09:48:40,1789.30,3,B
09:48:37,1789.40,1,M
09:48:37,1789.40,1,M
09:48:37,1789.30,1,M
09:48:37,1789.30,1,M
09:48:36,1789.30,1,B
09:48:36,1789.40,1,B
09:48:35,1789.40,2,B
09:48:35,1789.90,1,M
09:48:35,1789.90,3,M
09:48:35,1789.70,1,M
09:48:35,1789.00,9,B
09:48:35,1789.10,1,B
09:48:35,1789.80,1,B
09:48:35,1789.80,1,B
09:48:35,1789.80,8,B
09:48:35,1789.90,1,M
09:48:35,1790.00,1,M
09:48:35,1789.80,1,B
09:48:35,1789.80,1,B
09:48:35,1790.00,1,B
09:48:35,1790.00,1,B
09:48:35,1790.30,1,B
09:48:35,1790.30,1,B
09:48:35,1790.50,1,B
09:48:35,1790.70,1,B
09:48:34,1790.80,1,M
09:48:34,1790.80,1,M
09:48:33,1791.00,1,M
09:48:33,1791.00,2,B
09:48:33,1791.00,3,B
09:48:33,1791.20,1,M
09:48:33,1791.10,1,M
09:48:32,1791.00,1,B
09:48:32,1791.10,1,B
09:48:32,1791.00,4,B
09:48:32,1791.10,1,B
09:48:32,1791.60,1,M
09:48:31,1791.00,1,B
09:48:31,1791.10,1,B
09:48:31,1791.60,1,B
09:48:30,1791.60,1,M
09:48:30,1791.20,1,B
09:48:30,1791.60,1,M
09:48:29,1791.20,1,B
09:48:29,1791.20,1,B
09:48:29,1791.60,1,M
09:48:29,1791.40,1,B
09:48:28,1791.20,1,B
09:48:28,1791.70,1,M
09:48:28,1791.30,1,M
09:48:27,1791.20,1,B
09:48:27,1791.20,1,B
09:48:27,1791.40,1,B
09:48:27,1791.50,1,B
09:48:25,1791.40,1,B
09:48:25,1792.00,13,M
09:48:25,1792.00,4,M
09:48:25,1792.00,3,M
09:48:25,1791.70,1,B
09:48:25,1791.80,1,B
09:48:25,1792.00,1,M
09:48:25,1792.00,1,M
09:48:25,1792.00,1,M
09:48:24,1792.00,1,M
09:48:24,1792.00,1,M
09:48:24,1792.00,1,M
09:48:24,1792.00,1,M
09:48:24,1792.00,1,M
09:48:24,1791.90,2,M
09:48:24,1791.90,1,M
09:48:24,1791.80,3,M
09:48:24,1791.80,1,M
09:48:23,1791.50,1,B
09:48:23,1791.90,1,M
09:48:23,1791.90,1,M
09:48:23,1791.90,1,M
09:48:23,1791.90,4,M
09:48:23,1791.80,1,M
09:48:23,1791.80,1,M
09:48:23,1791.70,1,M
09:48:23,1791.70,2,M
09:48:23,1791.50,5,M
09:48:23,1791.50,1,M
09:48:23,1791.50,1,M
09:48:23,1791.20,1,M
09:48:22,1791.10,1,B
09:48:22,1791.00,1,M
09:48:22,1791.00,1,M
09:48:22,1791.00,1,M
09:48:22,1791.00,1,M
09:48:22,1791.00,1,M
09:48:22,1791.00,1,M
09:48:22,1791.00,2,M
09:48:22,1790.90,1,M
09:48:22,1790.80,1,M
09:48:22,1790.80,6,M
09:48:22,1790.80,6,M
09:48:22,1790.70,6,M
09:48:22,1790.60,1,M
09:48:22,1790.60,1,M
09:48:22,1790.50,1,M
09:48:22,1790.30,1,M
09:48:22,1790.20,1,M
09:48:22,1790.20,10,M
09:48:22,1790.20,1,M
09:48:22,1790.10,1,M
09:48:22,1790.10,1,M
09:48:22,1790.10,2,M
09:48:22,1790.00,2,M
09:48:22,1790.00,1,M
09:48:22,1790.00,1,M
09:48:22,1790.00,5,M
09:48:22,1790.00,4,M
09:48:22,1790.00,1,M
09:48:22,1789.90,1,M
09:48:22,1789.90,1,M
09:48:22,1789.90,10,M
09:48:22,1789.90,1,M
09:48:22,1789.80,1,M
09:48:22,1789.80,1,M
09:48:22,1789.70,1,M
09:48:22,1789.50,5,M
09:48:22,1789.30,13,M
09:48:22,1789.20,1,M
09:48:22,1789.20,1,B
09:48:22,1789.30,1,B
09:48:22,1789.40,1,B
09:48:21,1789.50,1,M
09:48:21,1789.50,1,M
09:48:21,1789.50,1,M
09:48:20,1790.00,2,M
09:48:20,1790.00,1,M
09:48:20,1790.00,2,M
09:48:20,1790.00,5,M
09:48:20,1789.90,1,M
09:48:20,1789.90,1,M
09:48:20,1789.80,5,M
09:48:20,1789.70,1,M
09:48:20,1789.50,1,B
09:48:19,1789.50,2,B
09:48:18,1789.60,1,B
09:48:18,1789.60,1,B
09:48:18,1789.70,1,M
09:48:18,1789.60,1,M
09:48:18,1789.60,1,M
09:48:17,1789.50,6,M
09:48:17,1789.30,1,M
09:48:17,1788.90,1,M
09:48:17,1788.90,1,M
09:48:17,1788.60,3,M
09:48:17,1788.60,3,M
09:48:17,1788.60,1,M
09:48:17,1788.60,3,M
09:48:16,1788.50,1,M
09:48:16,1788.50,1,M
09:48:16,1788.40,1,M
09:48:16,1788.40,1,M
09:48:16,1788.30,1,M
09:48:15,1787.80,5,B
09:48:15,1788.10,1,M
09:48:15,1787.80,3,B
09:48:15,1787.90,1,B
09:48:15,1788.10,1,M
09:48:15,1787.90,1,B
09:48:15,1787.90,1,B
09:48:15,1787.70,1,M
09:48:15,1787.50,1,M
09:48:14,1787.20,1,B
09:48:14,1787.20,1,B
09:48:14,1787.30,1,B
09:48:12,1787.80,1,B
09:48:12,1787.20,1,B
09:48:12,1787.10,3,B
09:48:12,1787.10,3,B
09:48:12,1788.40,1,B
09:48:12,1788.50,6,B
09:48:12,1788.50,1,B
09:48:12,1788.50,1,B
09:48:12,1788.50,1,B
09:48:12,1788.60,1,B
09:48:12,1788.60,1,B
09:48:12,1788.60,1,B
09:48:11,1788.40,1,B
09:48:11,1788.50,1,B
09:48:11,1789.70,1,M
09:48:11,1789.70,1,M
09:48:11,1787.00,1,B
09:48:11,1789.80,15,M
09:48:11,1789.70,1,M
09:48:11,1789.70,1,M
09:48:11,1789.70,1,M
09:48:11,1789.60,1,M
09:48:11,1789.60,1,M
09:48:11,1789.40,5,M
09:48:11,1789.40,1,M
09:48:11,1789.40,2,M
09:48:11,1789.40,3,M
09:48:11,1789.20,1,M
09:48:11,1789.00,5,M
09:48:11,1789.00,1,M
09:48:11,1789.00,1,M
09:48:11,1788.80,1,M
09:48:11,1788.80,1,M
09:48:11,1788.60,30,M
09:48:11,1788.50,1,M
09:48:11,1788.10,2,M
09:48:11,1788.10,1,M
09:48:11,1788.10,1,M
09:48:11,1788.10,4,M
09:48:11,1788.10,3,M
09:48:11,1788.10,4,M
09:48:11,1788.10,1,M
09:48:11,1788.10,1,M
09:48:11,1788.10,2,M
09:48:11,1788.10,1,M
09:48:11,1788.10,1,M
09:48:11,1788.10,1,M
09:48:11,1788.10,2,M
09:48:11,1788.10,1,M
09:48:11,1788.00,10,M
09:48:11,1787.90,1,M
09:48:11,1787.80,1,M
09:48:11,1787.70,1,M
09:48:11,1787.70,1,M
09:48:11,1787.60,15,M
09:48:11,1787.60,1,M
09:48:11,1787.60,1,M
09:48:11,1787.60,1,M
09:48:11,1787.50,2,M
09:48:11,1787.20,1,M
09:48:11,1787.10,1,M
09:48:11,1787.10,1,M
09:48:11,1787.10,1,M
09:48:11,1787.00,1,B
09:48:11,1787.10,1,B
09:48:11,1787.20,1,M
09:48:10,1787.10,1,B
09:48:10,1787.60,1,M
09:48:10,1787.10,1,B
09:48:10,1787.00,1,B
09:48:10,1787.20,1,B
09:48:10,1787.20,1,M
09:48:10,1787.20,3,M
09:48:10,1787.20,1,M
09:48:10,1787.20,1,M
09:48:10,1787.20,1,M
09:48:10,1787.10,1,M
09:48:10,1787.10,1,M
09:48:09,1787.00,1,B
09:48:09,1787.10,1,M
09:48:09,1787.10,1,B
09:48:09,1787.20,1,B
09:48:09,1787.20,1,B
09:48:08,1787.20,4,B
09:48:08,1787.60,1,M
09:48:07,1787.20,1,B
09:48:07,1787.20,1,B
09:48:07,1787.60,1,B
09:48:07,1787.60,2,B
09:48:07,1787.60,9,B
09:48:07,1787.70,1,B
09:48:07,1787.70,1,B
09:48:07,1787.70,1,B
09:48:07,1787.90,1,B
09:48:06,1787.70,1,B
09:48:06,1787.70,3,B
09:48:06,1787.70,1,B
09:48:06,1787.80,1,B
09:48:06,1788.60,10,M
09:48:06,1788.60,1,M
09:48:06,1788.40,1,M
09:48:06,1788.40,1,M
09:48:06,1788.40,3,M
09:48:06,1788.30,1,M
09:48:06,1788.30,1,M
09:48:06,1788.30,1,M
09:48:06,1788.20,1,M
09:48:06,1787.80,1,B
09:48:06,1787.70,1,B
09:48:06,1788.40,1,M
09:48:06,1788.30,1,M
09:48:06,1788.10,1,M
09:48:06,1788.00,1,M
09:48:05,1787.60,8,B
09:48:05,1787.70,1,B
09:48:05,1788.00,1,B
09:48:05,1788.00,1,B
09:48:05,1788.10,9,B
09:48:05,1788.10,1,B
09:48:04,1788.10,1,B
09:48:04,1788.50,1,B
09:48:04,1788.50,2,B
09:48:04,1788.50,1,B
09:48:04,1788.50,1,B
09:48:04,1788.50,2,B
09:48:04,1788.60,3,B
09:48:03,1788.60,2,B
09:48:03,1789.00,1,B
09:48:03,1788.60,1,B
09:48:03,1789.00,1,B
09:48:03,1788.70,1,B
09:48:03,1788.70,1,B
09:48:03,1788.70,4,B
09:48:03,1788.90,1,B
09:48:03,1788.90,1,B
09:48:03,1789.00,1,B
09:48:03,1789.10,2,B
09:48:03,1789.30,11,B
09:48:03,1789.40,1,B
09:48:03,1789.40,1,B
09:48:03,1789.40,1,B
09:48:02,1789.40,1,B
09:48:02,1789.40,3,B
09:48:02,1789.40,1,B
09:48:02,1789.50,1,B
09:48:02,1789.50,1,B
09:48:02,1789.50,1,B
09:48:02,1789.50,1,B
09:48:02,1789.50,1,B
09:48:02,1789.50,1,B
09:48:02,1789.50,1,B
09:48:02,1789.50,1,B
09:48:02,1789.50,1,B
09:48:02,1789.50,1,B
09:48:01,1789.40,1,B
09:48:00,1789.40,1,B
09:48:00,1789.40,1,B
09:48:00,1789.40,1,B
09:48:00,1789.60,1,B
09:48:00,1789.80,1,M
09:48:00,1789.70,1,M
09:47:59,1789.80,1,B
09:47:58,1789.70,2,B
09:47:58,1789.70,1,B
09:47:58,1789.70,1,B
09:47:58,1789.70,6,B
09:47:58,1789.70,1,B
09:47:57,1789.80,2,B
09:47:57,1790.10,1,M
09:47:57,1789.80,1,B
09:47:56,1789.80,1,B
09:47:56,1789.80,4,B
09:47:56,1789.80,3,B
09:47:56,1789.80,1,B
09:47:56,1789.90,1,B
09:47:55,1790.30,9,M
09:47:55,1790.20,1,M
09:47:55,1789.90,1,B
09:47:55,1790.00,1,B
09:47:55,1790.00,5,B
09:47:55,1790.20,1,B
09:47:55,1790.20,1,B
09:47:54,1790.20,1,B
09:47:54,1790.30,1,B
09:47:54,1790.60,1,M
09:47:54,1790.40,1,B
09:47:54,1790.50,1,B
09:47:54,1790.50,1,B
09:47:53,1790.50,1,B
09:47:53,1790.70,24,M
09:47:53,1790.70,1,M
09:47:52,1790.20,1,M
09:47:52,1790.00,1,B
09:47:52,1790.10,1,B
09:47:52,1790.90,4,M
09:47:52,1790.80,1,M
09:47:52,1790.80,1,M
09:47:52,1790.70,1,M
09:47:52,1790.70,5,M
09:47:52,1790.20,3,M
09:47:52,1790.70,1,M
09:47:52,1790.60,1,M
09:47:52,1790.60,1,M
09:47:52,1790.60,1,M
09:47:52,1790.50,1,M
09:47:52,1790.50,1,M
09:47:52,1790.40,17,M
09:47:52,1790.30,1,M
09:47:52,1790.30,1,M
09:47:52,1789.70,1,B
09:47:52,1789.70,1,B
09:47:52,1789.90,1,B
09:47:51,1789.80,1,B
09:47:51,1790.40,7,M
09:47:51,1790.30,1,M
09:47:51,1790.30,1,M
09:47:51,1790.20,21,M
09:47:50,1790.20,8,M
09:47:50,1790.20,1,M
09:47:50,1790.20,2,M
09:47:50,1789.70,1,B
09:47:50,1789.70,2,B
09:47:50,1790.20,1,M
09:47:49,1790.20,23,M
09:47:49,1790.20,1,M
09:47:49,1790.00,6,M
09:47:49,1790.00,1,M
09:47:49,1790.00,3,M
09:47:49,1789.70,2,B
09:47:49,1789.80,1,B
09:47:49,1790.00,20,M
09:47:49,1790.00,10,M
09:47:49,1789.80,1,B
09:47:48,1790.00,5,M
09:47:48,1789.80,1,B
09:47:48,1790.00,1,M
09:47:48,1790.00,1,M
09:47:47,1790.00,1,M
09:47:47,1789.80,1,B
09:47:47,1790.00,1,M
09:47:47,1789.90,1,M
09:47:46,1789.70,23,B
09:47:46,1789.70,1,B
09:47:46,1789.70,1,B
09:47:46,1789.70,1,M
09:47:46,1789.70,1,M
09:47:46,1789.70,1,M
09:47:46,1789.70,2,M
09:47:46,1789.60,1,M
09:47:46,1789.60,1,M
09:47:45,1789.40,2,B
09:47:45,1789.40,1,B
09:47:45,1789.40,1,B
09:47:45,1789.60,2,M
09:47:45,1789.60,1,M
09:47:45,1789.40,8,B
09:47:45,1789.60,2,M
09:47:45,1789.60,2,M
09:47:45,1789.60,3,M
09:47:45,1789.40,8,B
09:47:45,1789.60,1,M
09:47:45,1789.50,1,M
09:47:45,1789.50,1,M
09:47:45,1789.50,1,M
09:47:45,1789.50,1,M
09:47:45,1789.50,2,M
09:47:44,1789.10,3,B
09:47:44,1789.10,1,B
09:47:44,1789.20,1,B
09:47:44,1789.40,1,M
09:47:44,1789.20,1,M
09:47:44,1789.30,1,M
09:47:44,1789.30,1,M
09:47:44,1788.70,1,B
09:47:44,1788.80,1,B
09:47:43,1789.40,1,M
09:47:43,1789.50,1,M
09:47:43,1788.60,1,B
09:47:43,1788.50,1,B
09:47:43,1789.60,1,M
09:47:43,1789.70,1,M
09:47:43,1789.70,1,M
09:47:43,1789.70,1,M
09:47:43,1789.70,1,M
09:47:43,1789.70,1,M
09:47:43,1789.70,1,M
09:47:43,1789.70,1,M
09:47:43,1790.00,1,M
09:47:43,1790.00,1,M
09:47:43,1790.00,142,B
09:47:42,1790.00,3,B
09:47:42,1790.00,1,B
09:47:42,1790.00,1,M
09:47:42,1790.00,1,M
09:47:42,1790.00,1,M
09:47:42,1790.00,1,M
09:47:42,1789.90,1,M
09:47:42,1789.80,12,M
09:47:42,1789.40,7,M
09:47:42,1789.30,1,M
09:47:42,1789.30,1,M
09:47:42,1789.30,1,M
09:47:42,1789.30,6,M
09:47:42,1789.20,1,M
09:47:42,1789.00,5,M
09:47:42,1788.70,2,M
09:47:42,1788.60,1,M
09:47:42,1788.20,1,M
09:47:42,1788.20,1,M
09:47:42,1788.10,5,M
09:47:42,1788.00,1,M
09:47:42,1787.90,1,M
09:47:42,1787.80,1,M
09:47:42,1787.80,1,M
09:47:42,1787.80,1,M
09:47:42,1787.80,1,M
09:47:42,1787.40,1,M
09:47:42,1787.20,1,M
09:47:42,1787.20,1,M
09:47:42,1787.10,1,B
09:47:42,1787.10,1,B
09:47:41,1787.10,1,B
09:47:41,1787.10,1,B
09:47:41,1787.30,1,M
09:47:41,1787.20,3,B
09:47:41,1787.20,1,B
09:47:41,1787.20,4,B
09:47:41,1787.20,4,B
09:47:41,1787.20,2,B
09:47:41,1787.20,1,B
09:47:41,1787.20,1,B
09:47:41,1787.20,6,B
09:47:41,1787.20,5,B
09:47:41,1787.30,1,B
09:47:41,1787.40,1,B
09:47:40,1787.20,1,B
09:47:40,1787.30,1,B
09:47:40,1788.00,9,B
09:47:39,1788.00,1,B
09:47:39,1788.00,1,B
09:47:39,1788.00,1,B
09:47:39,1788.10,1,B
09:47:39,1788.10,1,B
09:47:39,1788.50,1,M
09:47:39,1788.60,1,M
09:47:39,1788.10,1,B
09:47:39,1788.20,1,B
09:47:39,1788.20,3,B
09:47:39,1788.20,2,B
09:47:39,1788.70,1,M
09:47:38,1788.20,1,B
09:47:38,1788.50,6,B
09:47:38,1788.70,1,B
09:47:38,1788.80,1,B
09:47:38,1788.80,6,B
09:47:38,1789.10,1,B
09:47:38,1789.10,2,B
09:47:38,1789.10,1,B
09:47:38,1789.30,9,B
09:47:37,1789.30,1,B
09:47:37,1789.30,1,B
09:47:37,1789.30,1,B
09:47:37,1789.30,1,B
09:47:37,1789.30,1,B
09:47:37,1789.30,5,B
09:47:37,1789.30,1,B
09:47:36,1789.30,3,B
09:47:36,1789.30,1,B
09:47:35,1789.30,5,B
09:47:35,1789.70,1,M
09:47:35,1789.30,2,B
09:47:35,1789.30,1,B
09:47:35,1789.40,1,B
09:47:34,1789.30,1,B
09:47:34,1789.50,6,B
09:47:34,1789.60,1,B
09:47:34,1789.70,1,B
09:47:34,1789.70,6,B
09:47:34,1789.80,1,B
09:47:34,1789.80,2,B
09:47:34,1789.90,1,B
09:47:34,1789.90,6,B
09:47:34,1790.40,1,M
09:47:33,1790.80,1,M
09:47:33,1790.60,1,M
09:47:33,1790.60,1,M
09:47:33,1790.60,1,M
09:47:33,1789.80,1,B
09:47:33,1789.90,1,B
09:47:33,1790.00,1,B
09:47:33,1790.10,1,B
09:47:33,1790.20,1,B
09:47:33,1790.20,1,B
09:47:33,1790.60,2,M
09:47:33,1790.60,2,M
09:47:33,1790.40,1,B
09:47:33,1790.30,1,B
09:47:33,1790.20,2,M
09:47:33,1790.20,1,B
09:47:33,1790.20,1,B
09:47:33,1790.20,1,B
09:47:33,1790.20,1,B
09:47:33,1790.90,1,M
09:47:33,1790.30,9,M
09:47:33,1790.20,2,B
09:47:33,1790.20,3,B
09:47:33,1790.30,1,B
09:47:33,1790.50,1,B
09:47:33,1791.00,1,M
09:47:33,1791.00,1,M
09:47:33,1790.90,1,M
09:47:33,1790.80,1,M
09:47:32,1790.60,1,B
09:47:32,1790.60,1,M
09:47:32,1790.40,1,B
09:47:32,1790.60,1,M
09:47:32,1790.60,1,M
09:47:32,1790.20,1,B
09:47:32,1791.00,5,M
09:47:32,1790.90,1,M
09:47:32,1790.90,1,M
09:47:32,1790.90,1,M
09:47:32,1790.90,1,M
09:47:32,1790.80,1,M
09:47:32,1790.80,1,M
09:47:32,1790.80,2,M
09:47:32,1790.80,1,M
09:47:32,1790.70,3,M
09:47:32,1790.70,3,M
09:47:32,1790.10,1,B
09:47:32,1790.60,1,B
09:47:31,1790.60,22,B
09:47:31,1790.70,1,B
09:47:31,1790.20,1,M
09:47:31,1790.10,1,M
09:47:31,1790.10,1,M
09:47:31,1790.00,1,B
09:47:31,1789.90,1,B
09:47:31,1789.90,1,B
09:47:31,1790.20,1,B
09:47:31,1790.00,1,M
09:47:31,1789.90,1,B
09:47:31,1790.10,1,B
09:47:31,1791.00,2,M
09:47:31,1789.80,12,B
09:47:31,1789.90,1,B
09:47:31,1789.90,6,B
09:47:31,1790.10,1,B
09:47:31,1790.40,3,B
09:47:31,1790.50,1,B
09:47:31,1790.50,1,B
09:47:31,1790.50,1,B
09:47:31,1790.60,1,B
09:47:31,1790.60,1,B
09:47:31,1790.70,1,B
09:47:31,1790.70,1,B
09:47:31,1790.80,1,B
09:47:30,1791.20,1,M
09:47:30,1791.50,1,M
09:47:30,1791.40,1,M
09:47:30,1791.30,1,M
09:47:30,1790.60,2,B
09:47:30,1791.50,1,M
09:47:30,1791.00,1,M
09:47:30,1791.00,3,B
09:47:30,1791.50,1,M
09:47:30,1791.50,2,M
09:47:30,1791.50,1,M
09:47:30,1791.30,1,M
09:47:30,1791.30,1,M
09:47:30,1791.10,1,M
09:47:30,1791.00,1,B
09:47:29,1791.00,3,M
09:47:29,1791.10,1,M
09:47:29,1791.00,12,B
09:47:29,1791.20,1,B
09:47:29,1791.10,1,M
09:47:29,1791.00,1,B
09:47:29,1791.30,1,B
09:47:29,1791.30,1,B
09:47:29,1791.00,1,B
09:47:29,1789.80,5,B
09:47:29,1789.80,1,B
09:47:29,1790.00,1,B
09:47:29,1790.30,1,B
09:47:29,1790.30,1,B
09:47:29,1790.40,3,B
09:47:29,1790.40,1,B
09:47:29,1790.80,1,B
09:47:29,1790.90,1,B
09:47:29,1791.00,1,B
09:47:29,1791.00,1,B
09:47:29,1791.00,1,B
09:47:29,1791.00,7,B
09:47:28,1791.00,13,B
09:47:28,1791.10,1,B
09:47:28,1791.30,3,B
09:47:28,1791.60,5,B
09:47:28,1791.70,1,M
09:47:28,1791.70,1,M
09:47:28,1791.70,1,M
09:47:28,1791.70,1,M
09:47:28,1791.70,1,M
09:47:28,1791.30,1,M
09:47:27,1791.00,1,B
09:47:27,1791.20,1,B
09:47:27,1791.50,2,B
09:47:27,1791.60,1,B
09:47:27,1791.40,1,B
09:47:27,1791.40,1,B
09:47:27,1791.30,2,B
09:47:26,1791.20,1,M
09:47:26,1791.00,1,M
09:47:26,1791.00,1,M
09:47:26,1790.90,1,M
09:47:25,1791.00,1,M
09:47:25,1790.90,1,M
09:47:25,1790.40,1,M
09:47:25,1790.30,1,M
09:47:25,1790.20,1,B
09:47:25,1790.30,1,M
09:47:25,1790.30,1,M
09:47:25,1790.30,1,M
09:47:24,1789.90,1,B
09:47:24,1789.80,1,B
09:47:24,1790.40,1,M
09:47:24,1790.40,1,M
09:47:24,1789.70,1,B
09:47:23,1789.80,1,B
09:47:23,1789.90,1,M
09:47:23,1789.80,1,B
09:47:23,1789.90,2,M
09:47:23,1789.90,1,M
09:47:23,1789.80,1,M
09:47:23,1789.80,1,M
09:47:22,1790.40,1,M
09:47:22,1789.80,1,M
09:47:22,1791.80,1,M
09:47:22,1789.50,1,B
09:47:22,1791.30,20,M
09:47:22,1791.20,1,M
09:47:22,1791.00,1,M
09:47:22,1791.00,4,M
09:47:22,1791.00,1,M
09:47:22,1790.90,1,M
09:47:22,1790.80,10,M
09:47:22,1790.60,1,M
09:47:22,1790.50,1,M
09:47:22,1790.40,1,M
09:47:22,1790.20,1,M
09:47:22,1790.20,1,M
09:47:22,1790.00,1,M
09:47:22,1790.00,4,M
09:47:22,1789.90,1,M
09:47:22,1789.90,5,M
09:47:22,1789.80,1,M
09:47:22,1789.80,1,M
09:47:22,1789.80,1,M
09:47:22,1789.50,1,B
09:47:22,1789.50,1,B
09:47:22,1789.80,1,M
09:47:22,1789.60,1,M
09:47:21,1789.70,1,M
09:47:21,1789.10,1,B
09:47:21,1789.20,1,B
09:47:21,1789.80,1,M
09:47:21,1789.80,1,M
09:47:21,1789.80,2,M
09:47:21,1789.70,3,M
09:47:21,1789.70,3,M
09:47:20,1789.40,1,M
09:47:20,1788.90,1,M
09:47:20,1789.10,1,M
09:47:20,1789.30,1,M
09:47:20,1789.20,1,M
09:47:20,1788.70,1,B
09:47:20,1789.10,1,M
09:47:20,1788.90,1,M
09:47:20,1788.90,8,M
09:47:20,1788.80,1,M
09:47:19,1788.70,1,B
09:47:19,1788.60,1,B
09:47:18,1789.20,1,B
09:47:18,1789.30,1,B
09:47:18,1789.40,1,B
09:47:18,1789.80,1,B
09:47:18,1789.90,1,M
09:47:18,1789.70,1,M
09:47:18,1789.80,1,M
09:47:17,1788.50,1,B
09:47:17,1790.00,12,M
09:47:17,1790.00,1,M
09:47:17,1790.00,1,M
09:47:17,1790.00,1,M
09:47:17,1790.00,1,M
09:47:17,1789.90,1,M
09:47:17,1789.20,1,M
09:47:17,1789.00,1,M
09:47:17,1788.90,3,M
09:47:17,1788.90,1,M
09:47:17,1788.70,1,M
09:47:16,1788.90,1,M
09:47:16,1788.90,1,M
09:47:16,1788.90,2,M
09:47:16,1790.00,1,M
09:47:16,1790.00,5,M
09:47:16,1790.00,1,M
09:47:16,1790.00,1,M
09:47:16,1790.00,1,M
09:47:16,1790.00,1,M
09:47:16,1790.00,1,M
09:47:16,1790.00,3,M
09:47:16,1790.00,7,M
09:47:16,1790.00,3,M
09:47:16,1790.00,1,M
09:47:16,1790.00,2,M
09:47:16,1790.00,1,M
09:47:16,1790.00,1,M
09:47:16,1789.80,1,M
09:47:16,1789.80,1,M
09:47:16,1789.80,6,M
09:47:16,1789.50,1,M
09:47:16,1789.30,1,M
09:47:16,1789.20,1,M
09:47:16,1789.20,1,M
09:47:16,1789.00,2,M
09:47:16,1788.30,1,B
09:47:16,1788.30,2,B
09:47:16,1788.30,1,B
09:47:16,1788.40,1,B
09:47:16,1788.50,1,B
09:47:16,1788.50,1,B
09:47:16,1788.80,1,M
09:47:16,1788.80,1,M
09:47:16,1788.80,1,M
09:47:16,1788.80,1,M
09:47:16,1788.60,1,M
09:47:16,1788.80,2,M
09:47:16,1788.70,1,M
09:47:16,1788.70,1,M
09:47:15,1788.10,1,B
09:47:15,1788.80,17,M
09:47:15,1788.70,1,M
09:47:15,1788.70,1,M
09:47:15,1788.30,17,M
09:47:14,1788.30,2,M
09:47:14,1788.30,3,M
09:47:14,1788.00,8,B
09:47:14,1788.00,5,B
09:47:14,1788.10,1,B
09:47:14,1788.20,2,B
09:47:14,1788.30,1,M
09:47:14,1788.30,1,M
09:47:13,1788.10,1,B
09:47:13,1788.30,1,M
09:47:13,1788.40,4,B
09:47:13,1788.70,1,B
09:47:13,1788.80,3,M
09:47:13,1788.70,1,B
09:47:13,1788.80,1,M
09:47:13,1788.80,1,M
09:47:13,1788.80,1,M
09:47:13,1788.80,1,M
09:47:13,1788.70,1,B
09:47:13,1788.80,1,M
09:47:13,1788.80,1,M
09:47:13,1788.80,1,M
09:47:13,1788.70,1,B
09:47:13,1788.70,1,B
09:47:13,1788.70,4,B
09:47:13,1788.70,1,B
09:47:13,1788.70,1,B
09:47:13,1789.90,13,M
09:47:13,1789.50,3,M
09:47:13,1789.30,5,M
09:47:13,1789.20,1,M
09:47:13,1789.20,1,M
09:47:13,1789.20,3,M
09:47:13,1789.00,1,M
09:47:13,1789.00,1,M
09:47:13,1789.00,1,M
09:47:13,1789.00,1,M
09:47:13,1789.00,1,M
09:47:13,1789.00,1,M
09:47:13,1789.00,2,M
09:47:13,1789.00,1,M
09:47:13,1789.00,3,M
09:47:13,1789.00,3,M
09:47:13,1789.00,1,M
09:47:13,1788.90,5,M
09:47:13,1788.90,1,M
09:47:13,1788.80,1,M
09:47:13,1788.80,5,M
09:47:13,1788.70,1,M
09:47:12,1788.80,1,M
09:47:12,1788.00,1,B
09:47:12,1788.00,1,B
09:47:12,1788.90,1,M
09:47:12,1788.80,1,M
09:47:12,1788.50,1,M
09:47:12,1788.50,1,M
09:47:12,1788.50,1,M
09:47:12,1788.50,1,M
09:47:12,1788.40,1,M
09:47:12,1788.40,1,M
09:47:11,1788.40,1,M
09:47:11,1788.40,1,M
09:47:11,1788.30,1,M
09:47:11,1788.40,3,M
09:47:11,1787.60,1,M
09:47:11,1788.50,1,M
09:47:11,1788.40,1,M
09:47:11,1788.30,1,M
09:47:11,1788.30,1,M
09:47:11,1788.20,1,M
09:47:11,1788.00,1,M
09:47:11,1788.00,3,M
09:47:11,1788.00,1,M
09:47:11,1788.00,1,M
09:47:11,1788.00,1,M
09:47:11,1788.00,1,M
09:47:11,1788.00,1,M
09:47:11,1788.00,3,M
09:47:11,1787.90,1,M
09:47:11,1787.90,3,M
09:47:11,1787.90,1,M
09:47:11,1787.60,1,M
09:47:11,1787.50,6,M
09:47:11,1787.50,1,M
09:47:11,1787.40,1,M
09:47:11,1787.40,1,M
09:47:11,1787.50,1,M
09:47:11,1787.50,4,M
09:47:11,1786.90,1,M
09:47:11,1787.00,1,B
09:47:11,1787.50,1,M
09:47:11,1787.50,1,M
09:47:11,1787.50,2,M
09:47:11,1787.40,1,M
09:47:11,1787.40,1,M
09:47:11,1787.30,1,M
09:47:11,1787.30,1,M
09:47:11,1787.30,3,M
09:47:11,1787.20,1,M
09:47:11,1787.00,1,M
09:47:11,1787.00,3,M
09:47:11,1787.00,14,M
09:47:11,1786.20,1,B
09:47:10,1787.00,6,M
09:47:10,1787.00,1,M
09:47:10,1787.00,10,M
09:47:10,1787.00,1,M
09:47:10,1787.00,1,M
09:47:10,1787.00,10,M
09:47:10,1787.00,1,M
09:47:10,1787.00,1,M
09:47:10,1787.00,4,M
09:47:10,1786.90,25,M
09:47:10,1786.90,1,M
09:47:10,1786.50,1,B
09:47:10,1786.60,1,B
09:47:10,1786.90,1,M
09:47:10,1786.80,1,M
09:47:10,1786.80,1,M
09:47:10,1786.70,1,M
09:47:09,1786.60,6,B
09:47:09,1786.60,1,M
09:47:09,1786.60,1,M
09:47:09,1786.60,1,M
09:47:09,1786.60,1,M
09:47:09,1786.60,1,M
09:47:09,1786.60,1,M
09:47:09,1786.60,1,M
09:47:09,1786.60,2,M
09:47:09,1786.60,1,M
09:47:09,1786.60,1,M
09:47:09,1786.60,1,M
09:47:09,1786.50,2,M
09:47:09,1786.40,1,M
09:47:09,1786.00,1,B
09:47:09,1786.10,1,B
09:47:08,1786.50,1,M
09:47:08,1786.60,1,M
09:47:08,1786.60,1,M
09:47:08,1786.60,1,M
09:47:08,1786.50,1,M
09:47:07,1786.60,1,M
09:47:07,1786.40,1,M
09:47:06,1786.40,1,M
09:47:06,1786.20,10,M
09:47:05,1786.30,1,M
09:47:05,1786.50,1,M
09:47:05,1786.50,1,M
09:47:05,1786.40,3,M
09:47:03,1786.20,15,B
09:47:03,1786.20,1,B
09:47:03,1786.20,1,M
09:47:03,1786.20,1,M
09:47:03,1786.20,1,M
09:47:03,1786.20,1,M
09:47:03,1786.20,1,M
09:47:03,1786.20,3,M
09:47:03,1786.20,1,M
09:47:03,1786.20,2,M
09:47:03,1786.00,3,M
09:47:03,1786.00,1,M
09:47:03,1785.60,1,B
09:47:03,1786.00,1,M
09:47:02,1785.60,9,B
09:47:02,1785.60,1,B
09:47:02,1785.70,3,B
09:47:02,1785.80,1,B
09:47:02,1785.80,1,B
09:47:02,1786.00,1,B
09:47:02,1786.00,4,B
09:47:01,1786.20,1,M
09:47:01,1786.00,1,B
09:47:01,1786.10,1,B
09:47:00,1786.10,1,B
09:47:00,1786.10,1,B
09:47:00,1786.20,1,B
09:47:00,1786.40,1,B
09:47:00,1786.20,1,B
09:46:59,1786.70,1,M
09:46:59,1786.80,1,M
09:46:59,1786.70,2,M
09:46:59,1786.70,1,M
09:46:59,1786.70,6,M
09:46:59,1786.60,1,M
09:46:59,1786.50,1,M
09:46:58,1786.10,1,B
09:46:58,1786.00,3,B
09:46:58,1786.20,1,B
09:46:58,1786.50,1,B
09:46:58,1786.60,1,M
09:46:58,1786.50,2,B
09:46:58,1786.40,2,B
09:46:58,1786.40,1,B
09:46:57,1786.40,1,B
09:46:57,1786.50,1,M
09:46:57,1786.50,1,M
09:46:56,1786.40,1,M
09:46:56,1786.50,2,M
09:46:56,1786.50,2,M
09:46:56,1786.40,1,M
09:46:56,1786.40,4,M
09:46:56,1786.40,1,M
09:46:56,1786.40,1,M
09:46:56,1786.40,1,M
09:46:56,1786.40,6,M
09:46:56,1786.30,4,M
09:46:56,1786.20,1,B
09:46:55,1786.30,1,M
09:46:55,1786.30,1,M
09:46:55,1786.40,1,M
09:46:55,1786.40,1,M
09:46:54,1786.40,8,M
09:46:54,1786.40,12,M
09:46:54,1786.30,1,M
09:46:54,1786.30,1,M
09:46:54,1786.30,5,M
09:46:54,1786.20,1,M
09:46:54,1786.20,1,M
09:46:54,1786.00,1,M
09:46:53,1785.70,1,B
09:46:53,1785.60,1,B
09:46:53,1786.30,1,M
09:46:53,1786.10,1,M
09:46:53,1786.10,1,M
09:46:53,1786.00,1,M
09:46:53,1786.30,2,M
09:46:53,1786.20,1,M
09:46:53,1786.10,1,M
09:46:53,1785.40,5,B
09:46:53,1785.50,1,B
09:46:53,1785.50,1,B
09:46:53,1785.50,1,B
09:46:53,1786.20,1,M
09:46:53,1786.20,1,M
09:46:53,1785.40,4,B
09:46:53,1785.70,1,B
09:46:53,1785.70,1,B
09:46:53,1785.80,1,B
09:46:53,1785.80,1,B
09:46:53,1785.80,1,B
09:46:53,1786.20,1,B
09:46:53,1786.40,1,M
09:46:52,1786.40,1,M
09:46:52,1786.40,1,M
09:46:52,1786.40,3,M
09:46:52,1786.30,1,M
09:46:52,1786.30,1,M
09:46:51,1786.20,1,M
09:46:51,1786.20,5,M
09:46:51,1786.20,1,M
09:46:51,1786.10,1,M
09:46:51,1786.00,1,M
09:46:51,1786.00,1,M
09:46:51,1785.80,3,M
09:46:50,1785.60,1,M
09:46:50,1785.80,1,B
09:46:50,1785.80,1,B
09:46:50,1786.40,1,M
09:46:50,1785.00,7,B
09:46:50,1785.10,1,B
09:46:50,1785.10,1,B
09:46:50,1785.10,1,B
09:46:50,1785.10,1,B
09:46:50,1785.40,1,B
09:46:50,1785.40,1,B
09:46:50,1785.60,1,B
09:46:50,1785.70,1,B
09:46:50,1785.80,1,B
09:46:50,1785.90,1,B
09:46:50,1785.90,1,B
09:46:50,1786.10,1,B
09:46:50,1786.20,1,B
09:46:50,1786.40,1,M
09:46:50,1786.40,1,M
09:46:50,1786.40,1,M
09:46:50,1786.40,1,M
09:46:49,1786.40,3,M
09:46:49,1786.30,7,M
09:46:49,1786.20,2,B
09:46:49,1786.20,1,M
09:46:48,1786.20,1,M
09:46:48,1786.10,1,M
09:46:48,1786.00,1,M
09:46:48,1786.00,2,M
09:46:48,1786.00,1,M
09:46:48,1785.90,1,M
09:46:48,1785.70,1,M
09:46:48,1785.70,5,M
09:46:48,1785.60,1,M
09:46:48,1785.70,4,M
09:46:48,1785.70,2,M
09:46:48,1785.40,24,M
09:46:48,1785.40,6,M
09:46:48,1785.40,1,M
09:46:47,1785.20,1,M
09:46:47,1785.00,1,M
09:46:47,1785.00,1,M
09:46:47,1785.00,1,M
09:46:47,1785.00,1,M
09:46:47,1785.00,1,M
09:46:47,1785.00,1,M
09:46:47,1785.00,2,M
09:46:47,1785.00,8,M
09:46:47,1785.00,3,M
09:46:47,1785.00,1,M
09:46:47,1785.00,5,M
09:46:46,1785.00,1,M
09:46:46,1784.60,1,B
09:46:46,1785.00,1,M
09:46:46,1785.00,6,M
09:46:46,1784.90,1,M
09:46:46,1784.70,1,B
09:46:46,1784.80,1,M
09:46:46,1784.80,1,M
09:46:45,1784.70,1,B
09:46:45,1784.70,1,B
09:46:44,1784.90,1,M
09:46:43,1784.90,1,M
09:46:43,1784.80,1,M
09:46:42,1784.80,11,M
09:46:42,1784.60,1,M
09:46:41,1784.30,1,B
09:46:41,1784.30,1,B
09:46:41,1784.80,1,M
09:46:40,1784.90,1,M
09:46:40,1784.90,1,M
09:46:40,1784.60,1,M
09:46:40,1784.70,1,M
09:46:40,1784.10,1,B
09:46:40,1784.30,1,B
09:46:40,1784.40,1,B
09:46:40,1784.50,1,B
09:46:40,1784.60,2,M
09:46:40,1784.50,1,M
09:46:40,1784.40,1,M
09:46:39,1784.00,1,B
09:46:39,1784.60,3,M
09:46:39,1784.50,1,M
09:46:39,1783.80,1,B
09:46:39,1783.90,1,B
09:46:39,1783.90,1,B
09:46:38,1783.80,4,M
09:46:38,1784.80,2,M
09:46:38,1784.70,8,M
09:46:38,1784.70,8,M
09:46:38,1784.30,6,M
09:46:38,1784.20,1,M
09:46:38,1784.20,1,M
09:46:38,1784.10,6,M
09:46:38,1784.00,5,M
09:46:38,1783.90,2,M
09:46:38,1783.90,17,M
09:46:38,1783.90,1,M
09:46:37,1783.90,1,M
09:46:37,1783.90,1,M
09:46:37,1783.90,1,M
09:46:37,1783.90,1,M
09:46:36,1783.90,8,M
09:46:36,1783.90,17,M
09:46:36,1783.80,1,M
09:46:36,1783.80,1,M
09:46:36,1783.90,1,M
09:46:35,1783.70,1,M
09:46:35,1783.90,1,M
09:46:35,1783.80,1,M
09:46:33,1783.20,1,B
09:46:33,1783.90,1,M
09:46:33,1783.80,1,M
09:46:33,1783.70,5,M
09:46:33,1783.50,1,M
09:46:33,1783.50,1,M
09:46:33,1783.50,1,M
09:46:33,1783.40,5,M
09:46:33,1783.20,1,M
09:46:33,1783.00,4,M
09:46:33,1783.00,17,M
09:46:33,1783.00,10,M
09:46:33,1783.00,3,M
09:46:33,1783.00,5,M
09:46:33,1782.80,3,M
09:46:32,1782.80,1,M
09:46:32,1782.80,1,M
09:46:32,1782.80,2,M
09:46:32,1782.80,3,M
09:46:32,1782.80,2,M
09:46:32,1782.80,1,M
09:46:32,1782.80,1,M
09:46:32,1782.80,1,M
09:46:32,1782.80,1,M
09:46:32,1782.80,1,M
09:46:32,1782.30,1,B
09:46:32,1782.80,1,M
09:46:32,1782.80,2,M
09:46:32,1782.60,1,M
09:46:32,1782.30,3,B
09:46:31,1782.80,1,M
09:46:31,1782.80,4,M
09:46:31,1782.70,3,M
09:46:30,1782.10,3,B
09:46:30,1782.20,3,B
09:46:30,1782.20,1,B
09:46:30,1782.30,1,B
09:46:30,1782.70,1,M
09:46:29,1782.70,1,M
09:46:29,1782.50,1,M
09:46:29,1782.50,1,M
09:46:29,1782.20,1,M
09:46:29,1782.20,1,M
09:46:29,1782.10,10,M
09:46:29,1782.10,1,M
09:46:28,1782.00,3,M
09:46:28,1782.00,1,M
09:46:27,1781.90,7,B
09:46:27,1781.90,1,M
09:46:26,1781.90,1,M
09:46:25,1781.90,1,M
09:46:25,1781.50,1,M
09:46:25,1781.90,1,M
09:46:25,1781.80,1,M
09:46:25,1781.80,1,M
09:46:25,1781.80,1,M
09:46:25,1781.60,1,M
09:46:25,1781.70,1,M
09:46:24,1781.10,1,B
09:46:24,1781.20,2,B
09:46:24,1781.20,2,B
09:46:23,1781.80,2,M
09:46:23,1781.80,2,M
09:46:23,1781.60,5,M
09:46:23,1781.50,1,M
09:46:23,1781.10,1,B
09:46:23,1781.20,1,B
09:46:23,1781.20,1,B
09:46:23,1781.30,1,B
09:46:22,1781.30,2,B
09:46:22,1781.50,1,B
09:46:22,1781.90,1,M
09:46:22,1781.90,1,M
09:46:22,1781.70,18,M
09:46:22,1781.70,3,M
09:46:21,1781.40,21,B
09:46:21,1781.60,1,M
09:46:21,1781.40,4,B
09:46:21,1781.70,2,M
09:46:21,1781.70,1,B
09:46:21,1781.70,1,B
09:46:20,1781.70,1,M
09:46:20,1781.70,1,M
09:46:20,1781.90,1,M
09:46:20,1781.80,1,M
09:46:20,1781.10,1,B
09:46:20,1781.10,1,B
09:46:20,1781.20,1,B
09:46:20,1781.30,1,B
09:46:20,1781.40,1,B
09:46:20,1781.20,1,B
09:46:20,1781.20,1,B
09:46:20,1781.20,4,B
09:46:20,1781.30,1,B
09:46:20,1781.30,1,B
09:46:20,1781.40,1,B
09:46:20,1781.40,1,B
09:46:20,1781.40,1,B
09:46:20,1781.50,1,B
09:46:19,1782.00,1,M
09:46:19,1781.90,1,M
09:46:19,1781.70,1,M
09:46:19,1781.60,1,M
09:46:19,1781.20,1,B
09:46:19,1781.40,1,B
09:46:18,1781.40,1,B
09:46:18,1781.40,1,B
09:46:18,1781.40,1,B
09:46:18,1781.40,3,B
09:46:18,1781.40,1,B
09:46:18,1781.60,1,M
09:46:18,1781.60,1,M
09:46:17,1781.40,1,B
09:46:17,1781.40,1,B
09:46:17,1781.40,1,B
09:46:17,1781.40,1,B
09:46:17,1781.40,1,B
09:46:17,1781.40,1,B
09:46:17,1781.40,1,B
09:46:17,1781.40,1,B
09:46:17,1781.40,1,B
09:46:17,1781.40,1,B
09:46:17,1781.40,4,B
09:46:17,1781.50,1,B
09:46:17,1781.50,1,B
09:46:17,1781.50,1,B
09:46:17,1781.80,1,B
09:46:16,1781.70,1,B
09:46:16,1782.00,1,B
09:46:16,1782.00,1,B
09:46:16,1782.00,1,B
09:46:16,1782.00,1,B
09:46:16,1782.00,2,B
09:46:16,1782.00,1,B
09:46:16,1782.00,3,B
09:46:16,1782.00,1,B
09:46:16,1782.00,1,B
09:46:16,1782.00,1,B
09:46:16,1782.10,1,B
09:46:16,1782.10,10,B
09:46:16,1782.10,3,B
09:46:16,1782.20,5,B
09:46:15,1782.20,5,B
09:46:15,1782.20,3,B
09:46:15,1782.20,1,B
09:46:15,1782.20,3,B
09:46:15,1782.30,1,B
09:46:15,1782.80,1,M
09:46:15,1782.20,1,B
09:46:15,1782.20,2,B
09:46:14,1782.30,1,B
09:46:14,1782.40,3,B
09:46:14,1782.60,1,M
09:46:14,1782.50,1,M
09:46:14,1782.40,1,B
09:46:14,1782.50,1,M
09:46:14,1782.50,1,M
09:46:14,1782.40,5,B
09:46:14,1782.50,1,B
09:46:13,1782.70,1,B
09:46:13,1782.50,1,B
09:46:13,1782.60,1,M
09:46:13,1782.60,1,M
09:46:13,1782.60,1,M
09:46:12,1782.40,21,B
09:46:12,1782.40,1,B
09:46:12,1782.50,8,B
09:46:12,1782.50,1,B
09:46:12,1782.50,1,M
09:46:11,1782.50,5,B
09:46:11,1782.70,1,M
09:46:11,1782.90,1,M
09:46:11,1782.50,1,B
09:46:11,1782.60,1,B
09:46:11,1782.60,5,B
09:46:11,1782.70,3,B
09:46:11,1782.70,1,B
09:46:11,1782.70,6,B
09:46:11,1782.80,3,B
09:46:11,1783.30,7,B
09:46:11,1783.30,3,M
09:46:11,1782.80,1,B
09:46:10,1782.90,1,B
09:46:10,1782.90,5,B
09:46:10,1782.90,1,B
09:46:10,1783.00,1,B
09:46:09,1783.30,8,B
09:46:08,1783.00,2,B
09:46:07,1783.50,1,M
09:46:07,1783.00,1,B
09:46:07,1783.00,1,B
09:46:06,1782.90,1,B
09:46:06,1783.60,1,M
09:46:06,1782.90,4,B
09:46:06,1782.90,4,B
09:46:06,1783.10,1,B
09:46:06,1783.20,1,B
09:46:06,1783.20,1,B
09:46:06,1783.20,1,B
09:46:06,1783.70,1,M
09:46:06,1783.10,1,B
09:46:06,1783.20,1,B
09:46:06,1783.20,1,B
09:46:06,1783.60,1,B
09:46:06,1783.60,1,B
09:46:06,1783.60,15,B
09:46:06,1783.60,1,B
09:46:06,1783.60,1,M
09:46:06,1783.60,1,M
09:46:06,1783.50,2,M
09:46:05,1783.90,1,M
09:46:05,1783.90,1,M
09:46:05,1783.90,1,M
09:46:05,1783.80,4,M
09:46:05,1783.70,1,M
09:46:05,1783.70,6,M
09:46:05,1783.60,1,M
09:46:05,1783.50,1,M
09:46:05,1783.40,2,M
09:46:05,1783.30,1,M
09:46:05,1783.20,1,M
09:46:05,1782.90,1,B
09:46:05,1783.10,1,B
09:46:04,1782.90,1,B
09:46:04,1783.00,2,B
09:46:03,1783.80,1,M
09:46:03,1783.70,1,M
09:46:03,1783.80,1,M
09:46:03,1782.70,1,B
09:46:02,1782.60,1,B
09:46:02,1784.00,1,M
09:46:02,1782.50,1,B
09:46:02,1782.40,1,B
09:46:02,1782.40,4,B
09:46:02,1782.50,2,B
09:46:02,1782.50,1,B
09:46:02,1782.70,6,B
09:46:02,1782.80,1,B
09:46:02,1783.00,1,B
09:46:02,1783.00,2,B
09:46:02,1783.00,1,B
09:46:02,1783.10,1,B
09:46:02,1783.10,1,B
09:46:02,1783.40,1,B
09:46:02,1783.60,1,B
09:46:02,1783.60,1,B
09:46:02,1783.70,1,B
09:46:02,1783.70,1,B
09:46:02,1783.80,1,B
09:46:02,1784.00,1,B
09:46:02,1784.00,1,B
09:46:02,1784.00,1,B
09:46:02,1784.10,1,B
09:46:02,1784.20,6,B
09:46:02,1784.20,4,B
09:46:02,1784.20,1,B
09:46:02,1784.30,1,B
09:46:02,1784.30,59,B
09:46:02,1784.30,1,B
09:46:02,1784.30,1,B
09:46:02,1784.30,8,B
09:46:02,1784.30,5,B
09:46:01,1784.30,1,B
09:46:01,1784.40,1,B
09:46:01,1784.90,1,M
09:46:01,1784.30,2,B
09:46:01,1784.30,2,B
09:46:01,1784.30,1,B
09:46:01,1784.30,1,B
09:46:01,1784.30,19,B
09:46:01,1784.50,1,B
09:46:00,1784.90,1,B
09:46:00,1785.00,9,B
09:46:00,1785.00,20,B
09:46:00,1785.00,1,B
09:46:00,1785.00,1,B
09:46:00,1785.00,1,B
09:46:00,1785.10,1,B
09:46:00,1785.10,5,B
09:45:59,1785.40,1,M
09:45:57,1785.20,18,B
09:45:57,1785.20,1,B
09:45:56,1785.20,5,B
09:45:54,1785.40,1,M
09:45:54,1785.30,1,B
09:45:54,1785.30,24,B
09:45:54,1785.40,1,M
09:45:52,1785.70,1,M
09:45:52,1785.60,2,B
09:45:52,1785.70,4,M
09:45:52,1785.30,2,B
09:45:51,1785.70,8,M
09:45:50,1785.70,2,M
09:45:50,1785.50,1,M
09:45:50,1785.50,5,M
09:45:49,1785.20,1,B
09:45:49,1785.30,18,B
09:45:49,1785.30,4,B
09:45:48,1785.30,1,B
09:45:48,1785.30,2,B
09:45:47,1785.30,1,B
09:45:47,1785.30,1,B
09:45:47,1785.40,1,B
09:45:47,1785.40,1,B
09:45:47,1785.40,2,B
09:45:47,1785.70,1,M
09:45:45,1785.80,1,M
09:45:45,1785.60,1,M
09:45:44,1785.40,1,B
09:45:44,1785.40,1,B
09:45:44,1785.50,6,B
09:45:44,1785.60,1,B
09:45:44,1785.80,1,B
09:45:44,1785.80,1,B
09:45:44,1786.30,1,M
09:45:44,1786.20,1,M
09:45:44,1786.00,1,M
09:45:43,1786.00,1,M
09:45:43,1785.70,1,M
09:45:43,1786.40,1,M
09:45:43,1786.40,1,M
09:45:43,1785.50,1,B
09:45:43,1785.00,2,B
09:45:43,1785.00,1,B
09:45:43,1785.10,1,B
09:45:43,1785.40,1,B
09:45:43,1786.60,1,M
09:45:43,1785.30,1,B
09:45:43,1785.00,6,M
09:45:43,1785.00,1,M
09:45:43,1785.00,1,M
09:45:43,1786.80,4,M
09:45:43,1786.70,1,M
09:45:43,1786.60,1,M
09:45:43,1786.60,1,M
09:45:43,1786.20,1,M
09:45:43,1786.00,20,M
09:45:43,1786.00,4,M
09:45:43,1785.90,2,M
09:45:43,1785.90,6,M
09:45:43,1785.80,1,M
09:45:43,1785.70,2,M
09:45:43,1785.70,1,M
09:45:43,1785.70,3,M
09:45:43,1785.70,1,M
09:45:43,1785.60,2,M
09:45:43,1785.50,20,M
09:45:43,1785.40,25,M
09:45:43,1785.40,1,M
09:45:43,1785.30,1,M
09:45:43,1785.30,1,M
09:45:43,1785.30,1,M
09:45:43,1785.30,1,M
09:45:43,1785.00,2,B
09:45:42,1785.00,1,B
09:45:42,1785.00,1,B
09:45:41,1785.00,2,B
09:45:41,1785.00,2,B
09:45:41,1785.00,1,B
09:45:41,1785.00,4,B
09:45:41,1785.00,1,B
09:45:41,1785.00,1,B
09:45:41,1785.00,2,B
09:45:41,1785.00,2,B
09:45:41,1785.00,16,B
09:45:41,1785.00,1,B
09:45:41,1785.00,1,B
09:45:41,1785.20,1,B
09:45:41,1785.20,1,B
09:45:41,1785.30,1,B
09:45:41,1785.30,5,B
09:45:41,1785.40,2,B
09:45:41,1785.40,1,B
09:45:41,1785.50,2,B
09:45:40,1786.00,2,M
09:45:40,1786.00,1,M
09:45:40,1786.00,1,M
09:45:40,1785.90,1,M
09:45:40,1785.80,2,M
09:45:40,1785.30,1,B
09:45:40,1785.40,14,B
09:45:40,1785.80,1,B
09:45:39,1785.40,2,B
09:45:39,1785.50,1,B
09:45:39,1785.80,1,B
09:45:39,1786.00,4,M
09:45:39,1785.90,1,M
09:45:38,1785.80,1,M
09:45:38,1785.60,2,M
09:45:38,1785.40,1,B
09:45:38,1785.40,1,B
09:45:38,1785.60,2,M
09:45:38,1785.50,1,B
09:45:38,1785.60,1,M
09:45:38,1785.60,1,M
09:45:38,1785.60,2,M
09:45:38,1785.60,1,M
09:45:38,1785.60,1,B
09:45:38,1785.70,1,B
09:45:38,1785.70,1,B
09:45:38,1785.70,1,B
09:45:38,1785.90,2,B
09:45:38,1785.90,1,B
09:45:38,1785.90,2,B
09:45:38,1785.90,1,B
09:45:38,1786.00,1,B
09:45:38,1786.00,1,B
09:45:38,1786.00,5,B
09:45:36,1786.70,3,M
09:45:36,1786.60,8,M
09:45:36,1786.60,5,M
09:45:36,1786.50,9,M
09:45:36,1786.40,2,M
09:45:36,1786.40,1,M
09:45:36,1786.20,2,M
09:45:36,1785.80,1,B
09:45:36,1785.80,1,B
09:45:36,1786.00,1,B
09:45:36,1786.20,1,B
09:45:36,1786.20,1,B
09:45:36,1786.30,1,B
09:45:36,1786.20,1,B
09:45:35,1786.50,1,M
09:45:35,1786.30,1,B
09:45:35,1786.40,1,M
09:45:35,1786.10,1,M
09:45:35,1786.50,1,M
09:45:35,1786.40,1,M
09:45:35,1786.40,1,M
09:45:35,1786.30,1,M
09:45:35,1786.20,1,M
09:45:35,1786.20,1,M
09:45:35,1785.70,1,B
09:45:34,1786.10,1,M
09:45:34,1786.10,1,M
09:45:33,1786.00,1,M
09:45:33,1786.00,1,M
09:45:33,1785.60,1,B
09:45:32,1786.00,1,M
09:45:32,1786.00,1,M
09:45:32,1786.00,1,M
09:45:32,1786.00,2,M
09:45:32,1786.00,2,M
09:45:32,1785.80,1,M
09:45:31,1785.30,5,B
09:45:31,1785.40,1,B
09:45:31,1785.50,1,B
09:45:31,1785.70,1,B
09:45:31,1785.40,1,B
09:45:31,1785.70,2,B
09:45:31,1785.50,1,M
09:45:31,1785.50,2,M
09:45:31,1785.40,5,B
09:45:31,1785.40,1,B
09:45:31,1785.40,5,B
09:45:30,1785.50,1,M
09:45:30,1785.50,1,M
09:45:30,1785.40,4,B
09:45:30,1785.40,1,B
09:45:29,1785.50,1,M
09:45:29,1785.50,1,M
09:45:29,1785.40,1,M
09:45:29,1785.30,2,M
09:45:29,1785.30,1,M
09:45:29,1785.30,1,M
09:45:28,1785.30,1,M
09:45:28,1785.30,1,M
09:45:28,1785.30,1,M
09:45:28,1785.00,1,B
09:45:28,1785.00,1,B
09:45:28,1785.30,1,M
09:45:27,1784.90,1,B
09:45:27,1785.30,1,M
09:45:26,1785.30,2,M
09:45:26,1785.30,1,M
09:45:26,1785.30,1,M
09:45:25,1785.20,1,M
09:45:25,1785.00,1,B
09:45:25,1785.30,1,M
09:45:25,1785.30,8,M
09:45:25,1785.30,1,M
09:45:25,1785.20,1,M
09:45:25,1785.00,3,M
09:45:25,1784.90,1,M
09:45:24,1785.00,1,M
09:45:24,1785.00,2,M
09:45:23,1784.90,1,B
09:45:23,1785.10,1,B
09:45:23,1785.10,1,B
09:45:23,1785.00,17,B
09:45:23,1785.00,1,M
09:45:23,1785.00,1,M
09:45:23,1785.00,1,M
09:45:23,1784.90,1,M
09:45:23,1784.90,1,M
09:45:23,1784.90,1,M
09:45:23,1784.90,1,M
09:45:23,1784.90,1,M
09:45:23,1784.90,1,M
09:45:23,1784.90,4,M
09:45:22,1784.80,1,B
09:45:22,1784.90,1,M
09:45:21,1784.90,1,M
09:45:21,1784.80,1,B
09:45:21,1784.90,7,M
09:45:21,1784.70,1,B
09:45:21,1784.90,1,M
09:45:21,1784.90,1,M
09:45:20,1784.70,1,M
09:45:20,1784.70,1,B
09:45:20,1784.90,1,M
09:45:20,1784.90,1,M
09:45:19,1784.90,1,M
09:45:19,1784.90,2,M
09:45:19,1784.70,1,M
09:45:19,1784.60,1,M
09:45:19,1784.60,1,M
09:45:19,1784.60,1,M
09:45:19,1784.60,1,M
09:45:19,1784.60,1,M
09:45:19,1784.50,1,M
09:45:19,1784.50,1,M
09:45:18,1784.50,1,M
09:45:18,1784.40,1,B
09:45:17,1784.60,18,M
09:45:17,1784.50,1,M
09:45:17,1784.50,1,M
09:45:17,1784.30,1,B
09:45:17,1784.60,3,M
09:45:16,1784.50,3,M
09:45:16,1784.50,2,M
09:45:16,1784.30,30,B
09:45:16,1784.50,1,M
09:45:16,1784.30,1,M
09:45:16,1784.30,1,M
09:45:16,1784.10,7,M
09:45:16,1783.80,1,B
09:45:16,1784.10,23,M
09:45:16,1784.00,1,M
09:45:16,1784.00,1,M
09:45:16,1784.00,1,M
09:45:15,1784.00,20,M
09:45:15,1783.80,1,B
09:45:15,1783.80,1,B
09:45:15,1783.80,1,B
09:45:15,1784.00,2,M
09:45:15,1783.90,1,B
09:45:15,1784.00,1,M
09:45:15,1784.00,3,M
09:45:15,1784.00,3,M
09:45:15,1784.40,1,M
09:45:15,1784.40,1,M
09:45:15,1784.40,1,M
09:45:15,1784.40,1,M
09:45:14,1784.30,2,M
09:45:14,1784.30,3,M
09:45:14,1784.30,1,M
09:45:13,1784.30,2,M
09:45:12,1783.80,1,B
09:45:12,1783.90,1,B
09:45:12,1784.10,1,M
09:45:12,1784.00,1,M
09:45:12,1784.20,1,M
09:45:12,1784.20,1,M
09:45:12,1784.20,1,M
09:45:12,1784.10,1,M
09:45:12,1783.40,1,B
09:45:12,1783.50,1,B
09:45:12,1783.50,1,B
09:45:12,1783.50,1,B
09:45:12,1783.50,1,B
09:45:12,1783.80,1,B
09:45:12,1783.90,1,B
09:45:12,1783.90,1,B
09:45:12,1784.00,1,B
09:45:12,1784.10,1,B
09:45:12,1784.40,1,M
09:45:11,1784.60,2,M
09:45:11,1784.60,2,M
09:45:11,1784.50,1,M
09:45:11,1783.40,1,B
09:45:11,1783.40,1,B
09:45:11,1784.50,1,M
09:45:11,1784.50,3,M
09:45:11,1784.40,1,M
09:45:11,1784.10,1,M
09:45:11,1784.50,2,M
09:45:11,1784.50,1,M
09:45:11,1783.20,1,B
09:45:11,1783.20,1,B
09:45:11,1783.20,1,B
09:45:11,1784.20,1,M
09:45:11,1784.00,1,M
09:45:11,1784.00,1,M
09:45:11,1784.00,1,M
09:45:11,1784.00,5,M
09:45:11,1783.70,5,M
09:45:11,1783.60,1,M
09:45:11,1783.60,1,M
09:45:11,1783.40,1,M
09:45:11,1783.30,1,M
09:45:11,1783.30,1,M
09:45:11,1783.30,6,M
09:45:11,1783.20,1,M
09:45:11,1783.20,1,M
09:45:11,1783.20,1,M
09:45:11,1783.00,1,M
09:45:11,1783.00,1,M
09:45:10,1782.50,1,B
09:45:10,1783.10,1,M
09:45:10,1783.00,1,M
09:45:10,1783.00,1,M
09:45:10,1782.90,1,M
09:45:10,1782.90,2,M
09:45:10,1782.90,2,M
09:45:10,1782.90,1,M
09:45:10,1782.90,1,M
09:45:10,1782.90,5,M
09:45:10,1782.90,4,M
09:45:10,1782.90,1,M
09:45:10,1782.90,3,M
09:45:10,1782.90,6,M
09:45:10,1782.90,1,M
09:45:10,1782.90,4,M
09:45:10,1782.90,1,M
09:45:10,1782.90,3,M
09:45:10,1782.90,1,M
09:45:10,1782.90,1,M
09:45:10,1782.90,1,M
09:45:10,1782.80,9,M
09:45:10,1782.40,1,B
09:45:10,1782.50,1,B
09:45:10,1782.60,1,B
09:45:09,1782.80,11,M
09:45:09,1782.80,9,M
09:45:09,1782.80,2,M
09:45:08,1782.50,1,B
09:45:08,1782.60,1,B
09:45:07,1782.80,39,M
09:45:07,1782.80,1,M
09:45:07,1782.70,1,M
09:45:07,1782.70,1,M
09:45:06,1782.70,1,M
09:45:06,1782.80,1,M
09:45:06,1782.80,1,M
09:45:05,1782.50,1,B
09:45:05,1782.50,1,B
09:45:05,1782.80,1,M
09:45:04,1782.80,1,M
09:45:04,1782.40,4,B
09:45:04,1782.80,1,M
09:45:04,1782.70,1,M
09:45:04,1782.70,1,M
09:45:04,1782.70,1,M
09:45:04,1782.70,2,M
09:45:03,1782.80,1,M
09:45:03,1782.10,3,B
09:45:03,1782.30,10,B
09:45:03,1782.30,4,B
09:45:03,1782.50,5,B
09:45:03,1782.50,1,B
09:45:03,1782.50,3,B
09:45:03,1782.50,1,B
09:45:03,1782.50,2,B
09:45:03,1782.50,1,B
09:45:03,1782.50,1,B
09:45:03,1782.50,1,B
09:45:03,1782.50,3,M
09:45:03,1782.50,1,M
09:45:03,1782.50,2,M
09:45:03,1782.50,2,M
09:45:02,1782.50,1,M
09:45:02,1782.30,1,B
09:45:02,1782.40,1,B
09:45:02,1782.50,1,B
09:45:02,1782.60,1,B
09:45:02,1782.60,1,B
09:45:02,1782.60,1,B
09:45:02,1782.60,3,B
09:45:02,1782.60,2,B
09:45:02,1782.60,1,B
09:45:02,1782.60,1,B
09:45:02,1782.60,1,B
09:45:02,1782.60,1,B
09:45:02,1782.80,1,M
09:45:02,1782.80,2,M
09:45:01,1782.60,1,B
09:45:01,1782.60,1,B
09:45:01,1782.60,1,B
09:45:01,1782.70,1,B
09:45:01,1782.60,1,B
09:45:01,1782.90,1,M
09:45:01,1783.00,1,M
09:45:01,1783.00,1,M
09:45:01,1782.40,1,B
09:45:01,1782.40,5,B
09:45:01,1782.50,1,B
09:45:01,1782.50,1,B
09:45:01,1782.50,1,B
09:45:01,1782.50,1,B
09:45:01,1782.50,1,B
09:45:01,1782.50,6,B
09:45:01,1782.60,2,B
09:45:01,1782.60,1,B
09:45:01,1783.10,1,M
09:45:01,1783.10,1,M
09:45:01,1782.80,1,M
09:44:59,1782.50,1,B
09:44:59,1782.50,1,B
09:44:58,1782.40,1,B
09:44:58,1782.50,1,B
09:44:58,1782.30,4,B
09:44:58,1782.40,1,B
09:44:58,1782.50,1,B
09:44:58,1782.60,1,B
09:44:58,1782.90,1,B
09:44:58,1783.20,3,B
09:44:58,1783.20,2,B
09:44:58,1783.20,1,B
09:44:58,1783.20,2,M
09:44:58,1783.10,1,M
09:44:58,1783.10,6,M
09:44:58,1783.00,1,M
09:44:58,1783.00,1,M
09:44:58,1782.90,1,M
09:44:58,1782.90,1,M
09:44:57,1782.30,2,B
09:44:57,1782.30,1,B
09:44:57,1782.20,1,B
09:44:57,1782.60,1,B
09:44:57,1782.60,1,B
09:44:57,1783.10,2,M
09:44:57,1782.00,1,B
09:44:56,1783.20,7,M
09:44:56,1783.00,1,M
09:44:56,1783.00,2,M
09:44:56,1782.80,1,M
09:44:56,1782.80,1,M
09:44:56,1782.80,1,M
09:44:56,1782.70,1,M
09:44:56,1782.70,1,M
09:44:56,1782.70,1,M
09:44:56,1782.70,1,M
09:44:56,1782.70,1,M
09:44:56,1782.70,1,M
09:44:56,1782.30,1,M
09:44:56,1782.00,1,B
09:44:55,1782.00,2,B
09:44:55,1782.00,2,B
09:44:54,1781.50,2,B
09:44:54,1781.50,1,B
09:44:54,1781.70,2,B
09:44:54,1782.40,1,M
09:44:54,1782.30,1,M
09:44:54,1782.30,2,M
09:44:54,1782.00,1,M
09:44:54,1781.70,3,B
09:44:54,1781.70,1,B
09:44:54,1781.80,1,B
09:44:54,1781.80,1,B
09:44:53,1781.90,1,B
09:44:53,1782.00,1,M
09:44:53,1782.10,1,B
09:44:53,1781.40,4,B
09:44:53,1781.80,1,B
09:44:53,1781.80,1,B
09:44:53,1782.40,1,M
09:44:53,1782.20,1,M
09:44:53,1782.20,1,M
09:44:50,1782.00,2,M
09:44:50,1782.00,1,B
09:44:50,1782.00,11,B
09:44:50,1782.00,1,B
09:44:50,1782.00,1,B
09:44:50,1782.00,1,B
09:44:50,1782.00,1,B
09:44:50,1782.00,1,B
09:44:50,1782.00,1,B
09:44:50,1782.20,1,M
09:44:49,1782.00,1,B
09:44:49,1782.00,1,B
09:44:49,1782.00,31,B
09:44:49,1782.00,1,B
09:44:49,1782.00,2,B
09:44:49,1782.00,1,B
09:44:49,1782.00,1,B
09:44:49,1782.00,1,B
09:44:49,1782.00,1,B
09:44:49,1782.00,1,B
09:44:49,1782.00,1,B
09:44:49,1782.10,11,B
09:44:49,1782.10,1,B
09:44:49,1782.20,1,B
09:44:49,1782.20,25,B
09:44:49,1782.20,17,B
09:44:49,1782.20,25,B
09:44:49,1782.20,8,B
09:44:47,1782.20,8,B
09:44:47,1782.20,2,B
09:44:46,1782.20,20,B
09:44:46,1782.20,1,B
09:44:45,1782.20,18,B
09:44:45,1782.20,8,B
