Time,Price,Volume,Side
09:59:25,1935.80,1,M
09:59:25,1935.70,1,M
09:59:25,1935.70,4,M
09:59:25,1935.70,3,M
09:59:25,1935.60,1,M
09:59:25,1935.60,1,M
09:59:24,1935.20,1,B
09:59:24,1935.20,1,B
09:59:24,1935.30,1,B
09:59:24,1935.30,1,B
09:59:24,1935.30,4,B
09:59:24,1935.30,1,B
09:59:24,1935.30,1,B
09:59:24,1935.70,2,M
09:59:24,1935.60,1,M
09:59:24,1935.50,2,M
09:59:23,1935.30,2,B
09:59:23,1935.70,3,M
09:59:23,1935.70,4,M
09:59:23,1935.70,5,M
09:59:23,1935.30,7,B
09:59:23,1935.30,1,B
09:59:22,1935.70,1,M
09:59:22,1935.70,1,M
09:59:22,1935.40,1,B
09:59:22,1935.40,1,B
09:59:22,1935.40,1,B
09:59:22,1935.50,1,B
09:59:22,1935.60,1,M
09:59:22,1935.60,5,M
09:59:21,1935.80,1,B
09:59:21,1935.90,1,M
09:59:21,1935.80,1,B
09:59:21,1935.80,1,M
09:59:21,1935.80,1,M
09:59:21,1935.80,2,M
09:59:21,1935.40,1,B
09:59:21,1935.80,4,M
09:59:21,1935.70,1,M
09:59:21,1935.70,1,M
09:59:21,1935.70,1,M
09:59:21,1935.30,1,B
09:59:21,1935.40,1,B
09:59:21,1935.40,1,B
09:59:21,1935.50,5,B
09:59:20,1935.50,1,B
09:59:20,1935.60,1,B
09:59:20,1935.60,1,B
09:59:20,1935.60,1,B
09:59:20,1935.60,1,B
09:59:20,1935.60,3,B
09:59:20,1935.60,3,B
09:59:20,1935.70,3,B
09:59:20,1935.70,1,B
09:59:20,1936.20,1,M
09:59:20,1935.90,3,M
09:59:20,1935.90,1,M
09:59:20,1935.90,1,M
09:59:20,1935.90,2,M
09:59:20,1935.60,2,B
09:59:20,1935.60,1,B
09:59:20,1935.70,2,B
09:59:20,1935.70,2,B
09:59:20,1935.80,1,B
09:59:20,1935.90,1,M
09:59:20,1935.80,1,B
09:59:20,1935.80,1,B
09:59:20,1935.80,1,B
09:59:20,1935.80,2,B
09:59:20,1935.90,1,M
09:59:20,1935.90,10,M
09:59:20,1935.80,1,B
09:59:20,1935.80,1,B
09:59:19,1935.90,1,B
09:59:19,1936.00,3,B
09:59:19,1936.00,2,B
09:59:19,1936.00,1,B
09:59:19,1936.00,1,B
09:59:19,1936.00,6,B
09:59:19,1936.00,1,B
09:59:19,1936.00,1,B
09:59:19,1936.00,1,B
09:59:19,1936.00,1,B
09:59:19,1936.00,3,B
09:59:19,1936.00,4,B
09:59:19,1936.10,4,B
09:59:19,1936.10,2,B
09:59:19,1936.10,1,B
09:59:19,1936.10,1,B
09:59:19,1936.10,1,B
09:59:19,1936.10,1,B
09:59:19,1936.10,1,B
09:59:19,1936.10,1,B
09:59:19,1936.10,1,B
09:59:19,1936.20,2,B
09:59:19,1936.20,1,B
09:59:19,1936.20,1,B
09:59:19,1936.20,1,B
09:59:19,1936.20,1,B
09:59:19,1936.20,4,B
09:59:19,1936.30,1,B
09:59:19,1936.20,1,B
09:59:19,1936.20,8,B
09:59:19,1936.20,1,B
09:59:19,1936.20,2,B
09:59:19,1936.20,1,B
09:59:19,1936.20,1,B
09:59:19,1936.20,1,B
09:59:19,1936.20,1,B
09:59:19,1936.20,3,B
09:59:19,1936.20,3,B
09:59:19,1936.20,1,B
09:59:19,1936.20,2,B
09:59:19,1936.20,2,B
09:59:19,1936.30,1,B
09:59:19,1936.30,1,B
09:59:19,1936.30,2,B
09:59:18,1936.60,4,M
09:59:18,1936.60,1,M
09:59:18,1936.60,4,M
09:59:18,1936.40,1,M
09:59:18,1936.60,1,M
09:59:18,1936.60,1,M
09:59:18,1936.30,1,B
09:59:18,1936.30,23,B
09:59:18,1936.60,1,M
09:59:18,1936.60,20,M
09:59:18,1936.60,1,M
09:59:18,1936.60,2,M
09:59:18,1936.60,1,M
09:59:18,1936.60,1,M
09:59:17,1936.60,1,M
09:59:17,1936.40,5,M
09:59:17,1936.20,1,B
09:59:17,1936.40,5,M
09:59:17,1936.20,2,B
09:59:17,1936.40,1,M
09:59:17,1936.20,2,B
09:59:17,1936.30,1,B
09:59:17,1936.30,3,B
09:59:17,1936.30,1,B
09:59:17,1936.30,1,B
09:59:17,1936.30,2,B
09:59:17,1936.40,1,B
09:59:17,1936.70,5,B
09:59:17,1936.80,1,M
09:59:17,1936.80,1,M
09:59:17,1936.40,1,B
09:59:17,1936.80,1,M
09:59:17,1936.80,9,M
09:59:17,1936.80,1,M
09:59:16,1936.80,4,M
09:59:16,1936.80,5,M
09:59:16,1936.60,1,M
09:59:16,1936.60,1,M
09:59:16,1936.40,1,B
09:59:16,1936.30,1,B
09:59:16,1936.30,1,B
09:59:16,1936.40,2,B
09:59:16,1936.40,1,B
09:59:16,1936.80,2,M
09:59:16,1936.60,1,B
09:59:16,1936.80,1,M
09:59:16,1936.60,1,B
09:59:16,1936.60,1,B
09:59:16,1936.70,2,B
09:59:16,1936.80,2,M
09:59:16,1936.80,7,M
09:59:16,1936.60,1,B
09:59:16,1936.80,1,M
09:59:16,1936.80,4,M
09:59:16,1936.80,4,M
09:59:16,1936.80,6,M
09:59:16,1936.30,1,B
09:59:16,1936.40,1,B
09:59:16,1936.80,2,M
09:59:16,1936.80,1,M
09:59:16,1936.80,2,M
09:59:16,1936.40,1,B
09:59:16,1936.40,1,B
09:59:16,1936.40,1,B
09:59:16,1936.40,1,B
09:59:16,1936.40,1,B
09:59:16,1936.80,1,M
09:59:16,1936.80,1,M
09:59:16,1936.70,2,M
09:59:16,1936.70,1,M
09:59:15,1936.80,1,M
09:59:15,1936.70,1,M
09:59:15,1936.50,1,M
09:59:15,1936.40,1,M
09:59:15,1936.40,1,M
09:59:15,1936.40,1,M
09:59:15,1936.30,1,B
09:59:15,1936.30,1,B
09:59:15,1936.30,1,B
09:59:15,1936.40,1,M
09:59:15,1936.40,1,M
09:59:15,1936.90,1,M
09:59:15,1936.90,1,M
09:59:15,1936.90,1,M
09:59:15,1936.90,1,M
09:59:15,1936.90,10,M
09:59:15,1936.80,23,M
09:59:15,1936.80,3,M
09:59:15,1936.80,2,M
09:59:15,1936.80,1,M
09:59:15,1936.80,1,M
09:59:15,1936.80,1,M
09:59:15,1936.80,1,M
09:59:15,1936.80,2,M
09:59:15,1936.80,1,M
09:59:15,1936.80,1,M
09:59:15,1936.70,3,M
09:59:15,1936.70,4,M
09:59:15,1936.40,3,M
09:59:15,1936.70,1,M
09:59:15,1936.60,1,M
09:59:15,1936.60,2,M
09:59:15,1936.60,1,M
09:59:15,1936.60,3,M
09:59:15,1936.50,3,M
09:59:15,1935.60,1,B
09:59:15,1935.60,2,B
09:59:15,1935.60,7,B
09:59:15,1935.60,2,B
09:59:15,1935.80,1,B
09:59:15,1935.80,4,B
09:59:15,1936.10,3,B
09:59:15,1936.50,3,M
09:59:15,1936.50,8,M
09:59:15,1936.50,2,M
09:59:15,1936.50,16,M
09:59:15,1936.50,10,M
09:59:15,1936.50,3,M
09:59:15,1936.50,1,M
09:59:15,1936.40,1,M
09:59:15,1936.40,2,M
09:59:15,1936.40,1,M
09:59:15,1936.40,1,M
09:59:15,1936.30,2,M
09:59:15,1936.30,1,M
09:59:15,1936.30,1,M
09:59:15,1936.30,2,M
09:59:15,1936.30,1,M
09:59:15,1936.20,1,M
09:59:15,1936.20,1,M
09:59:15,1936.20,1,M
09:59:15,1936.20,1,M
09:59:15,1936.20,10,M
09:59:15,1936.10,1,M
09:59:15,1936.10,1,M
09:59:15,1936.10,1,M
09:59:15,1936.10,1,M
09:59:15,1936.10,1,M
09:59:15,1936.10,1,M
09:59:15,1936.10,1,M
09:59:15,1936.00,1,M
09:59:15,1936.00,1,M
09:59:15,1936.00,1,M
09:59:15,1936.00,1,M
09:59:15,1936.00,5,M
09:59:15,1936.00,1,M
09:59:15,1936.00,3,M
09:59:15,1936.00,1,M
09:59:15,1936.00,1,M
09:59:15,1935.80,1,B
09:59:15,1936.00,4,M
09:59:15,1936.00,1,M
09:59:15,1936.00,1,M
09:59:15,1936.00,1,M
09:59:15,1936.00,1,M
09:59:15,1936.00,1,M
09:59:15,1936.00,1,M
09:59:15,1936.00,1,M
09:59:15,1935.60,1,B
09:59:15,1936.00,5,M
09:59:15,1936.00,1,M
09:59:15,1936.00,1,M
09:59:15,1936.00,1,M
09:59:15,1936.00,1,M
09:59:15,1936.00,3,M
09:59:15,1936.00,1,M
09:59:15,1936.00,1,M
09:59:15,1936.00,1,M
09:59:15,1936.00,1,M
09:59:15,1936.00,1,M
09:59:15,1936.00,22,M
09:59:15,1936.00,2,M
09:59:15,1936.00,8,M
09:59:15,1936.00,1,M
09:59:15,1936.00,2,M
09:59:15,1936.00,1,M
09:59:15,1936.00,1,M
09:59:15,1936.00,1,M
09:59:15,1936.00,1,M
09:59:15,1936.00,1,M
09:59:15,1936.00,1,M
09:59:15,1936.00,2,M
09:59:15,1936.00,1,M
09:59:15,1936.00,5,M
09:59:15,1936.00,1,M
09:59:15,1936.00,1,M
09:59:15,1936.00,3,M
09:59:15,1936.00,1,M
09:59:15,1936.00,1,M
09:59:15,1936.00,1,M
09:59:15,1936.00,1,M
09:59:15,1936.00,1,M
09:59:15,1936.00,1,M
09:59:15,1935.90,1,M
09:59:15,1935.90,1,M
09:59:15,1935.90,4,M
09:59:15,1935.90,12,M
09:59:14,1935.60,1,B
09:59:14,1935.90,2,M
09:59:14,1935.90,2,M
09:59:14,1935.90,1,M
09:59:14,1935.90,1,M
09:59:14,1935.90,2,M
09:59:14,1935.90,2,M
09:59:14,1935.90,1,M
09:59:14,1935.90,2,M
09:59:14,1935.90,3,M
09:59:14,1935.90,3,M
09:59:14,1935.90,21,M
09:59:14,1935.90,2,M
09:59:14,1935.90,27,M
09:59:14,1935.90,3,M
09:59:14,1935.80,2,M
09:59:13,1935.80,2,M
09:59:13,1935.70,1,M
09:59:13,1935.60,1,B
09:59:13,1935.80,1,M
09:59:13,1935.80,1,M
09:59:13,1935.80,2,M
09:59:13,1935.80,5,M
09:59:13,1935.80,2,M
09:59:13,1935.80,1,M
09:59:13,1935.80,1,M
09:59:13,1935.80,2,M
09:59:13,1935.80,2,M
09:59:13,1935.80,2,M
09:59:13,1935.70,2,M
09:59:13,1935.70,1,M
09:59:13,1935.70,1,M
09:59:13,1935.20,2,B
09:59:13,1935.30,1,B
09:59:13,1935.80,1,M
09:59:13,1935.70,1,M
09:59:13,1935.70,5,M
09:59:13,1935.70,1,M
09:59:13,1935.70,3,M
09:59:13,1935.70,18,M
09:59:13,1935.40,1,M
09:59:13,1935.50,1,B
09:59:13,1935.70,1,M
09:59:13,1935.70,30,M
09:59:13,1935.50,1,B
09:59:13,1935.50,2,B
09:59:13,1935.70,1,M
09:59:13,1935.70,1,M
09:59:13,1935.70,2,M
09:59:12,1935.50,1,B
09:59:12,1935.60,1,M
09:59:12,1935.60,1,M
09:59:12,1935.30,1,B
09:59:12,1935.60,1,M
09:59:12,1935.60,1,M
09:59:12,1935.60,1,M
09:59:12,1935.60,5,M
09:59:12,1935.50,1,M
09:59:12,1935.50,2,M
09:59:12,1935.50,20,M
09:59:12,1935.50,1,M
09:59:12,1935.50,10,M
09:59:12,1935.50,3,M
09:59:12,1935.50,1,M
09:59:12,1935.50,4,M
09:59:12,1935.50,1,M
09:59:12,1935.50,1,M
09:59:12,1935.50,2,M
09:59:12,1935.50,1,M
09:59:12,1935.40,1,M
09:59:12,1935.40,3,M
09:59:12,1935.40,9,M
09:59:12,1935.40,1,M
09:59:12,1935.40,1,M
09:59:12,1935.40,5,M
09:59:12,1935.30,1,M
09:59:11,1935.10,1,B
09:59:11,1935.10,1,B
09:59:11,1935.40,3,M
09:59:11,1935.30,1,M
09:59:11,1935.30,8,M
09:59:11,1935.30,2,M
09:59:11,1935.30,1,M
09:59:11,1935.00,1,B
09:59:11,1935.30,1,M
09:59:11,1935.30,2,M
09:59:10,1935.30,5,M
09:59:10,1935.30,1,M
09:59:10,1935.30,1,M
09:59:10,1935.30,3,M
09:59:10,1935.30,1,M
09:59:10,1935.30,1,M
09:59:10,1935.00,2,B
09:59:09,1935.00,3,B
09:59:09,1935.40,15,M
09:59:09,1935.40,1,M
09:59:09,1935.30,1,M
09:59:09,1935.30,4,M
09:59:09,1935.20,1,M
09:59:09,1935.30,1,M
09:59:09,1935.30,11,M
09:59:09,1935.30,1,M
09:59:09,1935.30,1,M
09:59:09,1935.00,2,B
09:59:08,1935.30,9,M
09:59:08,1935.20,11,M
09:59:08,1935.30,5,M
09:59:07,1935.30,2,M
09:59:07,1935.30,1,M
09:59:07,1935.30,1,M
09:59:07,1935.30,4,M
09:59:07,1935.30,1,M
09:59:07,1935.00,6,B
09:59:07,1935.00,4,B
09:59:07,1935.00,1,B
09:59:07,1935.00,1,B
09:59:07,1935.30,10,M
09:59:07,1935.00,1,B
09:59:07,1935.00,3,B
09:59:07,1935.00,10,B
09:59:07,1935.10,16,B
09:59:07,1935.20,1,M
09:59:07,1935.10,1,B
09:59:07,1935.10,1,B
09:59:06,1935.10,2,B
09:59:06,1935.20,1,M
09:59:06,1935.00,1,B
09:59:06,1935.00,5,B
09:59:06,1935.00,3,B
09:59:05,1935.00,1,B
09:59:05,1935.30,1,M
09:59:05,1935.30,1,M
09:59:04,1935.00,2,B
09:59:04,1935.00,1,B
09:59:04,1935.00,1,B
09:59:04,1935.00,5,B
09:59:04,1935.00,1,B
09:59:04,1935.00,1,B
09:59:03,1935.00,1,B
09:59:03,1935.20,1,M
09:59:03,1935.00,3,B
09:59:03,1935.10,1,M
09:59:03,1935.10,1,M
09:59:03,1935.10,1,M
09:59:03,1935.10,1,M
09:59:03,1935.10,1,M
09:59:02,1935.00,3,M
09:59:02,1935.00,1,M
09:59:02,1935.00,1,M
09:59:02,1935.00,1,M
09:59:02,1935.00,5,M
09:59:02,1935.00,1,M
09:59:02,1935.00,1,M
09:59:02,1935.00,1,M
09:59:02,1935.00,1,M
09:59:02,1935.00,1,M
09:59:02,1935.00,1,M
09:59:02,1935.00,5,M
09:59:02,1935.00,1,M
09:59:02,1935.00,1,M
09:59:02,1935.00,1,M
09:59:02,1935.00,5,M
09:59:02,1935.00,5,M
09:59:01,1935.00,1,M
09:59:01,1935.00,1,M
09:59:01,1935.00,1,M
09:59:01,1935.00,2,M
09:59:01,1935.00,2,M
09:59:01,1935.00,1,M
09:59:01,1935.00,3,M
09:59:01,1935.00,1,M
09:59:01,1935.00,1,M
09:59:01,1935.00,1,M
09:59:01,1935.00,10,M
09:59:01,1935.00,1,M
09:59:01,1935.00,1,M
09:59:01,1935.00,3,M
09:59:01,1934.90,1,M
09:59:01,1934.50,1,B
09:59:01,1934.50,4,B
09:59:01,1934.50,4,B
09:59:01,1934.60,1,B
09:59:01,1935.00,1,M
09:59:01,1934.50,4,B
09:59:00,1934.90,1,M
09:59:00,1934.90,10,M
09:59:00,1934.90,2,M
09:59:00,1934.90,10,M
09:59:00,1934.90,10,M
09:59:00,1934.90,5,M
09:59:00,1934.90,12,M
09:59:00,1934.80,1,M
09:59:00,1934.80,1,M
09:59:00,1934.80,2,M
09:59:00,1934.80,1,M
09:59:00,1934.80,1,M
09:59:00,1934.80,1,M
09:59:00,1934.80,1,M
09:59:00,1934.80,2,M
09:59:00,1934.80,1,M
09:59:00,1934.80,1,M
09:59:00,1934.80,5,M
09:59:00,1934.70,1,M
09:59:00,1934.70,2,M
09:59:00,1934.50,1,B
09:59:00,1934.50,5,B
09:58:59,1934.50,1,B
09:58:59,1934.70,1,M
09:58:59,1934.50,1,B
09:58:59,1934.70,2,M
09:58:59,1934.60,1,M
09:58:59,1934.60,3,M
09:58:59,1934.60,2,M
09:58:59,1934.60,2,M
09:58:59,1934.60,2,M
09:58:59,1934.50,1,M
09:58:59,1934.50,1,M
09:58:59,1934.50,1,M
09:58:59,1934.50,1,M
09:58:59,1934.50,1,M
09:58:59,1934.50,2,M
09:58:59,1934.50,1,M
09:58:59,1934.50,1,M
09:58:59,1934.50,18,M
09:58:59,1934.50,2,M
09:58:59,1934.30,1,B
09:58:59,1934.50,24,M
09:58:58,1934.30,1,B
09:58:58,1934.10,10,B
09:58:58,1934.10,1,B
09:58:58,1934.10,1,B
09:58:58,1934.50,2,M
09:58:58,1934.30,1,M
09:58:57,1934.00,1,B
09:58:57,1934.00,5,B
09:58:57,1934.00,2,B
09:58:56,1934.00,1,B
09:58:56,1934.00,2,B
09:58:55,1934.00,13,B
09:58:55,1934.00,2,B
09:58:55,1934.00,15,B
09:58:55,1934.50,7,M
09:58:55,1934.40,1,M
09:58:55,1934.10,3,M
09:58:55,1934.10,2,M
09:58:55,1934.00,9,M
09:58:54,1934.00,1,M
09:58:54,1934.00,12,B
09:58:54,1933.60,1,B
09:58:54,1933.80,1,M
09:58:54,1933.70,1,B
09:58:54,1933.70,1,B
09:58:53,1933.80,1,B
09:58:53,1933.80,1,B
09:58:53,1933.80,1,B
09:58:53,1933.80,1,B
09:58:53,1933.80,1,B
09:58:53,1933.90,1,B
09:58:53,1933.90,3,B
09:58:53,1934.00,1,M
09:58:53,1934.00,1,M
09:58:53,1934.00,1,B
09:58:53,1934.40,1,M
09:58:53,1934.40,1,M
09:58:53,1934.40,3,M
09:58:53,1934.40,1,M
09:58:53,1934.40,10,M
09:58:53,1934.40,5,M
09:58:53,1934.40,2,M
09:58:53,1934.30,36,M
09:58:53,1934.30,1,M
09:58:53,1934.30,1,M
09:58:53,1934.30,1,M
09:58:53,1934.20,1,M
09:58:53,1934.20,1,M
09:58:53,1934.20,1,M
09:58:53,1934.20,1,M
09:58:53,1934.20,4,M
09:58:53,1934.10,1,M
09:58:53,1933.90,1,B
09:58:53,1934.30,3,M
09:58:53,1934.30,1,M
09:58:53,1934.30,1,M
09:58:53,1934.30,1,M
09:58:53,1934.20,1,M
09:58:53,1934.00,1,M
09:58:53,1934.00,1,M
09:58:52,1933.80,1,B
09:58:52,1933.80,1,B
09:58:52,1933.80,2,B
09:58:51,1933.80,1,B
09:58:51,1934.20,1,M
09:58:50,1933.80,1,B
09:58:50,1933.90,1,B
09:58:50,1933.90,1,B
09:58:50,1933.90,6,B
09:58:50,1933.90,1,B
09:58:50,1934.00,1,B
09:58:50,1934.00,2,B
09:58:50,1934.00,1,B
09:58:50,1934.00,1,B
09:58:50,1934.00,1,B
09:58:50,1934.00,4,B
09:58:50,1934.00,2,B
09:58:50,1934.00,2,B
09:58:50,1934.00,7,B
09:58:49,1934.00,2,B
09:58:49,1934.40,1,M
09:58:48,1934.00,1,B
09:58:48,1934.00,1,B
09:58:48,1934.00,3,B
09:58:48,1934.00,1,B
09:58:48,1934.00,1,B
09:58:48,1934.00,3,B
09:58:48,1934.00,7,B
09:58:48,1934.30,3,B
09:58:48,1934.30,3,B
09:58:48,1934.30,1,B
09:58:47,1934.30,4,B
09:58:47,1934.30,1,B
09:58:47,1934.40,4,M
09:58:47,1934.40,1,M
09:58:46,1934.00,1,B
09:58:46,1934.00,1,B
09:58:46,1934.00,1,B
09:58:46,1934.00,17,B
09:58:46,1934.00,1,B
09:58:46,1934.10,3,B
09:58:46,1934.10,1,B
09:58:46,1934.10,7,B
09:58:46,1934.10,1,B
09:58:46,1934.10,1,B
09:58:46,1934.10,2,B
09:58:46,1934.20,1,B
09:58:46,1934.20,2,B
09:58:46,1934.30,1,B
09:58:46,1934.30,2,B
09:58:46,1934.30,22,B
09:58:45,1934.40,1,M
09:58:45,1934.30,1,B
09:58:45,1934.30,1,B
09:58:44,1934.30,2,B
09:58:44,1934.30,1,B
09:58:44,1934.30,1,B
09:58:43,1934.30,3,B
09:58:43,1934.50,3,M
09:58:42,1934.50,4,M
09:58:42,1934.30,1,B
09:58:42,1934.30,1,B
09:58:42,1934.50,2,M
09:58:41,1934.50,13,M
09:58:41,1934.50,2,M
09:58:41,1934.50,3,M
09:58:41,1934.50,1,M
09:58:41,1934.50,1,M
09:58:41,1934.50,1,M
09:58:41,1934.50,2,M
09:58:41,1934.30,3,B
09:58:41,1934.30,2,B
09:58:41,1934.40,1,M
09:58:40,1934.30,1,B
09:58:40,1934.30,1,B
09:58:39,1934.30,1,M
09:58:39,1934.20,1,B
09:58:39,1934.20,1,B
09:58:39,1934.20,1,B
09:58:38,1934.30,2,M
09:58:38,1934.50,2,M
09:58:38,1934.50,3,M
09:58:38,1934.50,1,M
09:58:38,1934.50,1,M
09:58:38,1934.50,1,M
09:58:38,1934.50,1,M
09:58:38,1934.40,1,M
09:58:37,1934.20,2,B
09:58:37,1934.40,1,M
09:58:37,1934.30,2,M
09:58:35,1934.30,1,B
09:58:35,1934.40,1,B
09:58:35,1934.50,1,M
09:58:35,1934.50,1,M
09:58:35,1934.50,1,M
09:58:34,1934.40,1,B
09:58:33,1934.50,1,B
09:58:33,1934.50,1,B
09:58:33,1934.20,1,B
09:58:33,1934.50,3,B
09:58:33,1934.50,2,B
09:58:33,1934.60,1,M
09:58:33,1934.50,1,M
09:58:33,1934.50,4,M
09:58:33,1934.50,10,M
09:58:33,1934.20,1,B
09:58:32,1934.50,2,M
09:58:32,1934.50,1,B
09:58:32,1934.60,7,M
09:58:32,1934.60,1,M
09:58:32,1934.50,1,B
09:58:31,1934.50,1,B
09:58:31,1934.50,1,B
09:58:30,1934.50,1,M
09:58:30,1934.20,1,B
09:58:30,1934.50,1,M
09:58:30,1934.50,1,M
09:58:30,1934.20,4,B
09:58:29,1934.50,1,M
09:58:29,1934.50,1,M
09:58:29,1934.50,1,M
09:58:29,1934.50,11,M
09:58:29,1934.30,1,M
09:58:29,1934.20,1,B
09:58:28,1934.10,2,B
09:58:28,1934.50,2,M
09:58:28,1934.50,3,M
09:58:28,1934.50,16,M
09:58:28,1934.50,3,M
09:58:28,1934.10,1,B
09:58:28,1934.50,2,M
09:58:28,1934.50,1,M
09:58:27,1934.50,1,M
09:58:27,1934.30,1,M
09:58:27,1934.20,1,M
09:58:27,1934.20,1,M
09:58:27,1934.10,1,B
09:58:27,1934.10,1,B
09:58:27,1934.10,1,B
09:58:27,1934.10,7,B
09:58:27,1934.10,2,B
09:58:27,1934.10,2,B
09:58:27,1934.10,1,B
09:58:27,1934.20,30,B
09:58:27,1934.20,1,B
09:58:27,1934.30,1,B
09:58:27,1934.30,1,B
09:58:27,1934.30,5,B
09:58:27,1934.30,1,B
09:58:27,1934.40,1,B
09:58:27,1934.40,12,B
09:58:27,1934.40,1,B
09:58:27,1934.40,4,B
09:58:27,1934.50,1,B
09:58:27,1934.50,2,B
09:58:27,1934.50,1,B
09:58:27,1934.50,1,B
09:58:27,1934.50,20,B
09:58:27,1934.50,6,B
09:58:27,1934.50,3,B
09:58:27,1934.50,5,B
09:58:26,1934.50,2,B
09:58:26,1934.50,1,B
09:58:26,1934.50,1,B
09:58:26,1934.50,1,B
09:58:25,1934.60,1,B
09:58:25,1934.60,1,B
09:58:25,1934.60,5,B
09:58:25,1934.60,3,M
09:58:25,1934.60,1,M
09:58:24,1934.50,1,B
09:58:24,1934.50,1,B
09:58:24,1934.90,1,M
09:58:24,1934.50,1,B
09:58:24,1934.50,6,B
09:58:24,1934.50,16,B
09:58:24,1934.50,2,B
09:58:24,1934.50,5,B
09:58:24,1934.60,1,B
09:58:24,1934.60,1,B
09:58:24,1934.60,4,B
09:58:23,1934.60,1,B
09:58:23,1934.90,3,M
09:58:23,1934.80,5,M
09:58:23,1934.80,1,M
09:58:23,1934.80,1,M
09:58:23,1934.80,1,M
09:58:23,1934.60,1,B
09:58:23,1934.60,1,B
09:58:23,1934.80,2,M
09:58:23,1934.80,1,M
09:58:22,1934.50,1,B
09:58:22,1934.50,1,B
09:58:22,1934.50,1,B
09:58:22,1934.50,1,B
09:58:21,1934.80,1,M
09:58:21,1934.80,1,M
09:58:21,1934.80,4,M
09:58:21,1934.80,3,M
09:58:21,1934.80,1,M
09:58:21,1934.80,2,M
09:58:21,1934.50,3,B
09:58:21,1934.80,2,M
09:58:21,1934.50,1,B
09:58:21,1934.80,2,M
09:58:21,1934.80,2,M
09:58:21,1934.60,1,M
09:58:20,1934.50,1,B
09:58:20,1934.50,1,B
09:58:20,1934.80,8,M
09:58:20,1934.80,5,M
09:58:20,1934.80,1,M
09:58:20,1934.80,5,M
09:58:20,1934.80,45,M
09:58:20,1934.70,1,M
09:58:20,1934.70,5,M
09:58:20,1934.70,1,M
09:58:19,1934.70,2,M
09:58:19,1934.50,1,B
09:58:19,1934.50,1,B
09:58:19,1934.70,3,B
09:58:18,1934.50,2,B
09:58:18,1934.50,1,B
09:58:18,1934.80,1,M
09:58:18,1934.80,2,M
09:58:18,1934.80,2,M
09:58:18,1934.70,1,M
09:58:17,1934.50,1,B
09:58:17,1934.40,1,B
09:58:17,1934.40,1,B
09:58:16,1934.40,8,B
09:58:16,1934.70,1,B
09:58:16,1934.70,1,B
09:58:16,1934.80,1,M
09:58:16,1934.40,1,B
09:58:16,1934.40,1,B
09:58:15,1934.80,6,M
09:58:15,1934.80,1,M
09:58:15,1934.70,1,M
09:58:15,1934.50,1,M
09:58:15,1934.40,1,B
09:58:15,1934.40,1,B
09:58:15,1934.50,1,B
09:58:14,1934.90,1,M
09:58:14,1934.50,1,B
09:58:14,1934.80,1,M
09:58:14,1934.80,2,M
09:58:14,1934.80,2,M
09:58:14,1934.80,1,M
09:58:14,1934.80,10,M
09:58:14,1934.50,1,B
09:58:14,1934.40,1,B
09:58:14,1934.50,1,M
09:58:14,1934.50,1,M
09:58:13,1934.50,1,B
09:58:13,1934.80,14,M
09:58:13,1934.70,6,M
09:58:13,1934.70,1,M
09:58:13,1934.70,1,M
09:58:13,1934.70,1,M
09:58:13,1934.40,1,B
09:58:13,1934.50,1,B
09:58:13,1934.50,1,B
09:58:13,1934.60,1,B
09:58:13,1934.60,6,B
09:58:13,1934.70,3,M
09:58:13,1934.70,1,M
09:58:13,1934.60,1,B
09:58:13,1934.70,1,M
09:58:13,1934.70,1,B
09:58:13,1934.80,1,M
09:58:13,1934.60,1,B
09:58:12,1935.00,1,M
09:58:12,1934.90,4,M
09:58:11,1934.90,15,M
09:58:11,1934.90,2,M
09:58:11,1934.80,1,M
09:58:11,1934.60,1,B
09:58:11,1934.60,9,B
09:58:11,1934.70,1,B
09:58:11,1934.80,1,M
09:58:11,1934.80,1,M
09:58:11,1934.80,1,M
09:58:11,1934.40,1,B
09:58:11,1934.50,1,B
09:58:11,1934.50,1,B
09:58:11,1934.50,1,B
09:58:11,1934.50,1,B
09:58:11,1934.50,1,B
09:58:10,1934.90,1,M
09:58:10,1934.50,1,B
09:58:10,1934.90,1,M
09:58:10,1934.90,1,M
09:58:10,1935.00,2,M
09:58:10,1934.90,1,M
09:58:10,1934.60,1,B
09:58:10,1934.60,1,B
09:58:10,1934.80,1,B
09:58:10,1934.90,2,B
09:58:10,1935.00,1,M
09:58:10,1934.90,1,B
09:58:10,1934.90,1,B
09:58:10,1934.90,2,B
09:58:10,1934.90,1,B
09:58:10,1934.90,1,B
09:58:10,1934.90,1,B
09:58:10,1934.90,1,B
09:58:10,1934.90,2,B
09:58:10,1934.90,3,M
09:58:10,1934.80,3,M
09:58:10,1934.50,2,M
09:58:10,1934.50,1,M
09:58:09,1934.50,1,B
09:58:09,1934.50,1,B
09:58:09,1934.50,1,B
09:58:09,1934.50,3,B
09:58:09,1934.50,3,B
09:58:09,1934.60,1,B
09:58:09,1934.60,1,B
09:58:09,1934.60,1,B
09:58:09,1934.60,1,B
09:58:09,1934.60,5,B
09:58:09,1934.60,4,B
09:58:09,1934.70,1,B
09:58:09,1934.70,2,B
09:58:09,1934.80,1,B
09:58:09,1934.80,1,B
09:58:09,1934.80,2,B
09:58:09,1934.90,5,B
09:58:09,1934.90,1,B
09:58:09,1935.00,2,B
09:58:09,1935.10,4,M
09:58:09,1935.00,1,B
09:58:09,1935.00,1,B
09:58:09,1935.00,1,B
09:58:09,1935.10,1,B
09:58:09,1935.30,36,M
09:58:09,1935.10,1,B
09:58:09,1935.10,1,B
09:58:09,1935.10,5,B
09:58:08,1935.10,1,B
09:58:08,1935.10,1,B
09:58:08,1935.30,1,M
09:58:08,1935.10,3,B
09:58:08,1935.20,1,M
09:58:08,1935.20,1,M
09:58:08,1935.10,1,B
09:58:08,1935.10,8,M
09:58:08,1934.90,1,M
09:58:08,1935.10,1,M
09:58:08,1935.10,1,M
09:58:08,1935.00,2,M
09:58:08,1934.70,2,B
09:58:08,1934.70,1,B
09:58:08,1934.70,3,B
09:58:08,1934.70,17,B
09:58:08,1934.70,3,B
09:58:08,1934.80,3,B
09:58:08,1935.00,1,B
09:58:08,1935.10,1,M
09:58:08,1935.10,9,M
09:58:08,1935.10,2,M
09:58:08,1935.00,5,M
09:58:08,1934.90,4,M
09:58:08,1934.90,1,B
09:58:07,1934.90,2,M
09:58:07,1934.90,2,M
09:58:07,1934.90,3,M
09:58:07,1935.10,1,B
09:58:07,1935.30,7,M
09:58:07,1935.30,1,M
09:58:07,1935.30,1,M
09:58:07,1935.30,3,M
09:58:07,1935.30,1,M
09:58:07,1935.30,1,M
09:58:07,1935.20,12,M
09:58:07,1935.20,3,M
09:58:07,1935.20,1,M
09:58:07,1935.20,1,M
09:58:07,1935.20,3,M
09:58:07,1935.20,1,M
09:58:07,1935.10,2,M
09:58:07,1935.10,1,M
09:58:07,1935.10,2,M
09:58:07,1935.10,1,M
09:58:07,1935.10,1,M
09:58:07,1935.00,1,M
09:58:07,1935.00,1,M
09:58:07,1935.00,1,M
09:58:07,1935.00,1,M
09:58:07,1935.00,10,M
09:58:07,1935.00,2,M
09:58:07,1934.90,1,B
09:58:07,1935.00,1,M
09:58:07,1935.00,1,M
09:58:07,1935.00,1,M
09:58:07,1935.00,5,M
09:58:07,1935.00,6,M
09:58:07,1935.00,3,M
09:58:07,1935.00,1,M
09:58:07,1935.00,3,M
09:58:07,1935.00,1,M
09:58:07,1934.70,2,B
09:58:07,1935.00,1,M
09:58:07,1935.00,1,M
09:58:07,1935.00,3,M
09:58:07,1935.00,1,M
09:58:07,1935.00,1,M
09:58:07,1935.00,1,M
09:58:07,1934.70,1,B
09:58:07,1934.90,1,B
09:58:06,1935.00,1,M
09:58:06,1935.00,1,M
09:58:06,1935.00,1,M
09:58:06,1935.00,2,M
09:58:06,1935.00,2,M
09:58:06,1935.00,1,M
09:58:06,1935.00,1,M
09:58:06,1935.00,1,M
09:58:06,1935.00,1,M
09:58:06,1935.00,1,M
09:58:06,1935.00,1,M
09:58:06,1935.00,1,M
09:58:06,1935.00,3,M
09:58:06,1935.00,2,M
09:58:06,1935.00,1,M
09:58:06,1935.00,1,M
09:58:06,1935.00,1,M
09:58:06,1935.00,4,M
09:58:06,1935.00,2,M
09:58:06,1935.00,1,M
09:58:06,1935.00,1,M
09:58:06,1935.00,1,M
09:58:06,1935.00,1,M
09:58:06,1935.00,1,M
09:58:06,1935.00,8,M
09:58:06,1935.00,2,M
09:58:06,1934.70,1,B
09:58:06,1935.00,2,M
09:58:06,1935.00,1,M
09:58:06,1934.70,1,B
09:58:06,1934.90,1,B
09:58:06,1934.90,1,B
09:58:06,1935.00,1,M
09:58:06,1934.80,8,M
09:58:06,1934.80,1,M
09:58:06,1934.80,5,M
09:58:06,1934.80,6,M
09:58:06,1934.80,15,M
09:58:06,1934.80,2,M
09:58:06,1934.80,2,B
09:58:06,1934.80,1,B
09:58:06,1935.00,1,M
09:58:06,1935.00,1,M
09:58:06,1934.80,1,B
09:58:05,1935.00,1,M
09:58:05,1935.00,8,M
09:58:05,1935.00,1,M
09:58:05,1935.00,1,M
09:58:05,1935.00,2,M
09:58:05,1935.00,3,M
09:58:05,1935.00,1,M
09:58:05,1935.00,1,M
09:58:05,1935.00,1,M
09:58:05,1935.00,9,M
09:58:05,1935.00,2,M
09:58:05,1935.00,2,M
09:58:05,1935.00,1,M
09:58:05,1935.00,1,M
09:58:05,1935.00,1,M
09:58:05,1935.00,1,M
09:58:05,1935.00,2,M
09:58:05,1935.00,1,M
09:58:05,1935.00,2,M
09:58:05,1935.00,1,M
09:58:05,1935.00,2,M
09:58:05,1935.00,1,M
09:58:05,1935.00,4,M
09:58:05,1935.00,2,M
09:58:05,1935.00,1,M
09:58:05,1935.00,1,M
09:58:05,1935.00,1,M
09:58:05,1935.00,1,M
09:58:05,1935.00,1,M
09:58:05,1934.90,1,M
09:58:05,1934.70,6,B
09:58:05,1934.80,4,B
09:58:05,1934.80,30,M
09:58:05,1934.80,2,M
09:58:05,1934.80,2,M
09:58:05,1934.70,1,B
09:58:05,1934.80,2,M
09:58:05,1934.80,1,M
09:58:05,1934.70,3,B
09:58:05,1934.70,2,B
09:58:05,1934.90,2,B
09:58:05,1934.90,3,B
09:58:05,1935.00,3,M
09:58:05,1935.00,1,M
09:58:05,1935.00,1,M
09:58:05,1935.00,1,M
09:58:05,1935.00,44,M
09:58:05,1935.00,2,M
09:58:05,1935.00,1,M
09:58:05,1935.00,5,M
09:58:05,1935.00,2,M
09:58:05,1935.00,1,M
09:58:05,1935.00,4,M
09:58:05,1935.00,1,M
09:58:05,1935.00,1,M
09:58:05,1935.00,1,M
09:58:05,1935.00,1,M
09:58:05,1935.00,3,M
09:58:05,1935.00,2,M
09:58:05,1935.00,1,M
09:58:05,1935.00,2,M
09:58:05,1935.00,3,M
09:58:05,1935.00,3,M
09:58:05,1935.00,2,M
09:58:05,1935.00,1,M
09:58:05,1935.00,2,M
09:58:05,1935.00,2,M
09:58:05,1935.00,1,M
09:58:05,1935.00,1,M
09:58:05,1935.00,2,M
09:58:05,1935.00,1,M
09:58:05,1935.00,2,M
09:58:05,1935.00,1,M
09:58:05,1935.00,20,M
09:58:05,1935.00,2,M
09:58:05,1935.00,2,M
09:58:05,1935.00,1,M
09:58:05,1935.00,5,M
09:58:05,1935.00,3,M
09:58:05,1935.00,1,M
09:58:05,1935.00,2,M
09:58:05,1935.00,1,M
09:58:05,1935.00,1,M
09:58:05,1935.00,1,M
09:58:05,1935.00,4,M
09:58:05,1935.00,1,M
09:58:05,1934.90,1,M
09:58:05,1934.90,1,M
09:58:05,1934.90,1,M
09:58:05,1934.90,4,M
09:58:05,1934.80,1,B
09:58:05,1934.80,1,B
09:58:04,1934.90,1,M
09:58:04,1934.90,1,M
09:58:04,1934.90,1,M
09:58:04,1934.90,1,M
09:58:04,1934.90,12,M
09:58:04,1934.90,2,M
09:58:04,1934.90,1,M
09:58:04,1934.90,1,M
09:58:04,1934.90,1,M
09:58:04,1934.90,10,M
09:58:04,1934.90,1,M
09:58:04,1934.90,1,M
09:58:04,1934.90,10,M
09:58:04,1934.90,5,M
09:58:04,1934.90,2,M
09:58:04,1934.90,1,M
09:58:04,1934.90,1,M
09:58:04,1934.90,1,M
09:58:04,1934.80,1,M
09:58:04,1934.80,1,M
09:58:04,1934.80,1,M
09:58:04,1934.80,10,M
09:58:04,1934.80,4,M
09:58:04,1934.80,1,M
09:58:04,1934.70,2,B
09:58:04,1934.70,1,B
09:58:04,1934.80,1,M
09:58:04,1934.80,1,M
09:58:04,1934.80,1,M
09:58:04,1934.80,4,M
09:58:04,1934.80,5,M
09:58:04,1934.80,1,M
09:58:04,1934.80,1,M
09:58:04,1934.80,1,M
09:58:04,1934.80,5,M
09:58:04,1934.70,1,M
09:58:04,1934.60,1,B
09:58:04,1934.80,3,M
09:58:04,1934.70,1,M
09:58:04,1934.70,1,M
09:58:03,1934.80,1,M
09:58:03,1934.80,29,M
09:58:03,1934.80,1,M
09:58:03,1934.80,2,M
09:58:03,1934.80,5,M
09:58:03,1934.80,1,M
09:58:03,1934.70,3,M
09:58:03,1934.70,1,M
09:58:03,1934.70,1,M
09:58:03,1934.70,1,M
09:58:03,1934.70,1,M
09:58:03,1934.70,1,M
09:58:03,1934.60,1,M
09:58:03,1934.60,7,M
09:58:03,1934.60,3,M
09:58:03,1934.60,6,M
09:58:03,1934.50,1,M
09:58:03,1934.60,4,M
09:58:03,1934.60,1,M
09:58:03,1934.60,1,M
09:58:03,1934.60,1,M
09:58:03,1934.60,1,M
09:58:03,1934.60,1,M
09:58:03,1934.60,1,M
09:58:03,1934.60,1,M
09:58:03,1934.50,1,M
09:58:03,1934.50,1,M
09:58:03,1934.50,1,M
09:58:03,1934.50,2,M
09:58:03,1934.50,4,M
09:58:03,1934.50,15,M
09:58:03,1934.50,1,M
09:58:03,1934.50,1,M
09:58:03,1934.50,2,M
09:58:03,1934.50,2,M
09:58:03,1934.10,1,B
09:58:03,1934.50,1,M
09:58:03,1934.00,1,B
09:58:03,1934.00,2,B
09:58:03,1934.10,1,B
09:58:03,1934.10,1,B
09:58:03,1934.50,1,M
09:58:03,1934.50,3,M
09:58:03,1934.40,1,M
09:58:03,1934.10,1,B
09:58:03,1934.10,1,B
09:58:03,1934.50,1,M
09:58:03,1934.40,1,M
09:58:03,1934.40,1,M
09:58:03,1934.50,20,M
09:58:03,1934.50,5,M
09:58:03,1934.50,5,M
09:58:03,1934.50,2,M
09:58:03,1934.50,2,M
09:58:03,1934.50,1,M
09:58:03,1933.90,5,B
09:58:03,1934.10,3,B
09:58:03,1934.20,2,B
09:58:03,1934.50,7,M
09:58:03,1934.50,1,M
09:58:03,1934.40,1,M
09:58:03,1934.40,1,M
09:58:03,1934.40,1,M
09:58:03,1934.40,1,M
09:58:03,1934.30,3,M
09:58:03,1934.30,1,M
09:58:03,1934.30,1,M
09:58:03,1934.30,1,M
09:58:03,1934.30,2,M
09:58:03,1934.30,3,M
09:58:03,1934.30,1,M
09:58:03,1934.30,3,M
09:58:03,1934.30,1,M
09:58:03,1934.20,1,M
09:58:03,1934.20,1,M
09:58:03,1934.20,1,M
09:58:03,1934.20,1,M
09:58:03,1934.20,1,M
09:58:03,1934.20,2,M
09:58:03,1934.20,1,M
09:58:03,1934.10,2,M
09:58:03,1934.10,3,M
09:58:03,1934.10,1,M
09:58:03,1934.00,2,M
09:58:03,1934.00,1,M
09:58:03,1934.00,2,M
09:58:03,1934.00,1,M
09:58:03,1934.00,4,M
09:58:03,1934.00,1,M
09:58:03,1934.00,1,M
09:58:03,1934.00,1,M
09:58:03,1934.00,1,M
09:58:03,1934.00,1,M
09:58:03,1934.00,5,M
09:58:03,1934.00,2,M
09:58:03,1934.00,2,M
09:58:03,1934.00,1,M
09:58:03,1934.00,2,M
09:58:03,1934.00,4,M
09:58:03,1934.00,1,M
09:58:03,1934.00,2,M
09:58:03,1934.00,1,M
09:58:03,1934.00,2,M
09:58:03,1934.00,1,M
09:58:03,1934.00,1,M
09:58:03,1934.00,2,M
09:58:03,1934.00,1,M
09:58:02,1934.00,1,M
09:58:02,1934.00,1,M
09:58:02,1934.00,1,M
09:58:02,1934.00,1,M
09:58:02,1934.00,3,M
09:58:02,1934.00,3,M
09:58:02,1933.80,6,M
09:58:02,1933.80,1,B
09:58:02,1933.80,2,B
09:58:02,1934.00,1,M
09:58:02,1934.00,1,M
09:58:02,1934.00,1,M
09:58:02,1934.00,1,M
09:58:02,1934.00,1,M
09:58:02,1934.00,2,M
09:58:02,1934.00,1,M
09:58:02,1934.00,2,M
09:58:02,1934.00,3,M
09:58:02,1934.00,2,M
09:58:02,1934.00,2,M
09:58:02,1934.00,1,M
09:58:02,1934.00,2,M
09:58:02,1933.90,1,M
09:58:02,1933.90,1,M
09:58:02,1933.90,2,M
09:58:02,1933.90,1,M
09:58:02,1933.90,1,M
09:58:02,1933.90,3,M
09:58:02,1933.90,2,M
09:58:02,1933.90,5,M
09:58:02,1933.90,3,M
09:58:02,1933.90,20,M
09:58:02,1933.90,2,M
09:58:02,1933.90,2,M
09:58:02,1933.90,1,M
09:58:02,1933.90,18,M
09:58:02,1933.90,3,M
09:58:02,1933.80,1,B
09:58:02,1933.90,1,M
09:58:02,1933.90,1,M
09:58:02,1933.90,65,M
09:58:02,1933.90,1,M
09:58:02,1933.90,1,M
09:58:02,1933.80,1,M
09:58:01,1933.90,1,M
09:58:01,1933.90,1,M
09:58:01,1933.90,1,M
09:58:01,1933.90,1,M
09:58:01,1933.90,17,M
09:58:01,1933.90,1,M
09:58:01,1933.90,1,M
09:58:01,1933.90,2,M
09:58:01,1933.90,1,M
09:58:01,1933.90,1,M
09:58:01,1933.80,4,M
09:58:01,1933.80,2,M
09:58:01,1933.80,2,M
09:58:01,1933.80,2,M
09:58:01,1933.80,2,M
09:58:01,1933.80,1,M
09:58:01,1933.80,1,M
09:58:01,1933.80,5,M
09:58:01,1933.80,1,M
09:58:01,1933.80,1,M
09:58:01,1933.80,6,M
09:58:00,1933.80,2,M
09:58:00,1933.70,3,M
09:58:00,1933.70,2,M
09:58:00,1933.50,1,M
09:58:00,1933.50,1,M
09:58:00,1933.50,2,M
09:58:00,1933.60,3,B
09:58:00,1933.70,1,M
09:58:00,1933.60,1,B
09:57:59,1933.60,1,M
09:57:59,1933.60,1,M
09:57:59,1933.60,1,M
09:57:59,1933.60,1,M
09:57:59,1933.30,1,M
09:57:59,1933.30,14,M
09:57:59,1933.30,6,M
09:57:59,1933.30,3,M
09:57:59,1933.30,1,B
09:57:59,1933.30,1,B
09:57:59,1933.30,1,B
09:57:59,1933.30,3,B
09:57:59,1933.50,1,B
09:57:58,1933.80,2,M
09:57:58,1933.80,3,M
09:57:58,1933.60,1,M
09:57:58,1933.80,1,M
09:57:58,1933.80,1,M
09:57:58,1933.80,1,M
09:57:58,1933.80,1,M
09:57:58,1933.60,19,M
09:57:58,1933.60,1,M
09:57:58,1933.60,1,M
09:57:58,1933.60,1,M
09:57:58,1933.60,2,M
09:57:58,1933.50,1,B
09:57:57,1933.60,1,M
09:57:57,1933.60,3,M
09:57:57,1933.60,2,M
09:57:57,1933.60,1,M
09:57:57,1933.60,1,M
09:57:57,1933.60,2,M
09:57:57,1933.60,1,M
09:57:56,1933.60,3,M
09:57:56,1933.60,1,M
09:57:56,1933.60,2,M
09:57:56,1933.50,2,B
09:57:56,1933.60,9,M
09:57:56,1933.60,1,M
09:57:56,1933.50,1,B
09:57:56,1933.50,1,B
09:57:56,1933.70,1,M
09:57:56,1933.70,1,M
09:57:56,1933.70,1,M
09:57:56,1933.70,2,M
09:57:56,1933.70,1,M
09:57:56,1933.70,10,M
09:57:56,1933.70,4,M
09:57:56,1933.50,1,B
09:57:56,1933.60,2,B
09:57:55,1933.70,5,M
09:57:55,1933.70,3,M
09:57:55,1933.60,1,M
09:57:55,1933.60,1,M
09:57:55,1933.60,1,M
09:57:55,1933.60,1,M
09:57:55,1933.60,4,M
09:57:55,1933.60,5,M
09:57:55,1933.60,1,M
09:57:55,1933.50,2,M
09:57:55,1933.50,1,M
09:57:55,1933.50,1,M
09:57:55,1933.50,1,M
09:57:55,1933.50,1,M
09:57:55,1933.50,1,M
09:57:55,1933.50,1,M
09:57:55,1933.50,2,M
09:57:54,1933.50,2,M
09:57:54,1933.50,3,M
09:57:54,1933.50,2,M
09:57:54,1933.50,1,M
09:57:54,1933.50,1,M
09:57:54,1933.50,1,M
09:57:54,1933.50,1,M
09:57:54,1933.40,1,M
09:57:54,1933.40,1,M
09:57:54,1933.40,2,M
09:57:54,1933.40,1,M
09:57:54,1933.30,1,M
09:57:54,1933.30,1,M
09:57:54,1933.30,1,M
09:57:54,1933.20,1,M
09:57:54,1933.20,2,M
09:57:54,1933.20,1,M
09:57:54,1933.20,5,M
09:57:54,1933.20,1,M
09:57:54,1933.10,2,M
09:57:54,1933.10,1,M
09:57:54,1933.10,1,M
09:57:54,1933.10,31,M
09:57:53,1933.10,1,M
09:57:53,1933.10,1,M
09:57:53,1933.10,1,M
09:57:53,1933.00,1,M
09:57:53,1933.00,1,M
09:57:53,1933.00,5,M
09:57:53,1933.00,29,M
09:57:53,1933.00,1,M
09:57:53,1933.00,1,M
09:57:53,1933.00,1,M
09:57:53,1933.00,1,M
09:57:53,1933.00,1,M
09:57:53,1933.00,2,M
09:57:53,1933.00,1,M
09:57:53,1933.00,5,M
09:57:53,1933.00,10,M
09:57:53,1933.00,1,M
09:57:53,1933.00,1,M
09:57:53,1933.00,6,M
09:57:53,1933.00,1,M
09:57:52,1933.00,1,M
09:57:52,1933.00,11,M
09:57:52,1933.00,2,M
09:57:52,1933.00,2,M
09:57:52,1933.00,3,M
09:57:52,1933.00,1,M
09:57:52,1933.00,1,M
09:57:52,1933.00,3,M
09:57:52,1933.00,1,M
09:57:52,1933.00,1,M
09:57:52,1933.00,3,M
09:57:52,1932.90,1,B
09:57:52,1933.00,1,M
09:57:52,1933.00,3,M
09:57:52,1933.00,8,M
09:57:52,1933.00,10,M
09:57:52,1933.00,1,M
09:57:52,1933.00,11,M
09:57:51,1933.00,1,M
09:57:51,1933.00,8,M
09:57:51,1933.00,1,M
09:57:51,1933.00,5,M
09:57:51,1933.00,2,M
09:57:51,1933.00,11,M
09:57:51,1932.90,1,M
09:57:51,1932.90,2,M
09:57:51,1932.70,1,M
09:57:51,1932.90,1,M
09:57:51,1932.90,1,M
09:57:51,1932.60,1,B
09:57:51,1932.60,2,B
09:57:51,1932.70,1,B
09:57:51,1932.70,2,B
09:57:51,1932.80,4,B
09:57:50,1932.90,1,M
09:57:50,1932.90,3,M
09:57:50,1932.90,1,M
09:57:50,1932.90,1,M
09:57:50,1932.90,1,M
09:57:50,1932.90,1,M
09:57:50,1932.90,1,M
09:57:50,1932.80,5,M
09:57:50,1932.70,1,M
09:57:50,1932.70,3,M
09:57:50,1932.60,1,B
09:57:50,1932.60,4,B
09:57:49,1932.70,4,M
09:57:49,1932.70,2,M
09:57:48,1932.70,1,M
09:57:48,1932.60,1,B
09:57:48,1932.60,1,B
09:57:47,1932.90,1,M
09:57:47,1932.90,1,M
09:57:47,1932.90,10,M
09:57:47,1932.90,3,M
09:57:47,1932.80,4,M
09:57:47,1932.80,15,M
09:57:47,1932.80,1,M
09:57:47,1932.80,5,M
09:57:47,1932.80,1,M
09:57:47,1932.80,1,M
09:57:47,1932.80,25,M
09:57:47,1932.70,1,M
09:57:47,1932.70,4,M
09:57:46,1932.70,5,M
09:57:46,1932.50,1,B
09:57:45,1932.50,9,B
09:57:45,1932.60,2,B
09:57:45,1932.60,1,B
09:57:45,1932.70,1,M
09:57:45,1932.70,1,M
09:57:44,1932.60,1,B
09:57:44,1932.70,1,M
09:57:43,1932.60,1,B
09:57:42,1932.80,2,M
09:57:42,1932.60,2,B
09:57:42,1932.60,2,B
09:57:41,1932.60,1,B
09:57:41,1932.60,1,B
09:57:41,1932.60,2,M
09:57:41,1932.60,1,M
09:57:40,1932.50,1,B
09:57:39,1932.80,1,M
09:57:39,1932.80,1,M
09:57:39,1932.80,5,M
09:57:39,1932.80,1,M
09:57:39,1932.80,4,M
09:57:39,1932.70,1,M
09:57:39,1932.70,1,M
09:57:39,1932.70,1,M
09:57:39,1932.70,1,M
09:57:39,1932.70,1,M
09:57:39,1932.70,1,M
09:57:39,1932.70,2,M
09:57:39,1932.60,1,M
09:57:39,1932.60,1,M
09:57:39,1932.50,2,B
09:57:39,1932.50,2,B
09:57:39,1932.50,1,B
09:57:38,1932.50,1,M
09:57:38,1932.50,2,M
09:57:38,1932.10,2,B
09:57:38,1932.10,2,B
09:57:38,1932.10,1,B
09:57:38,1932.10,1,B
09:57:38,1932.10,1,B
09:57:38,1932.10,1,B
09:57:38,1932.10,1,B
09:57:38,1932.10,3,B
09:57:38,1932.10,2,B
09:57:38,1932.10,3,B
09:57:38,1932.10,3,B
09:57:38,1932.10,1,B
09:57:38,1932.10,1,B
09:57:38,1932.10,1,B
09:57:38,1932.20,6,B
09:57:38,1932.20,1,M
09:57:38,1932.20,13,M
09:57:37,1932.20,1,M
09:57:37,1932.20,6,M
09:57:36,1932.20,2,M
09:57:36,1932.20,4,M
09:57:36,1932.20,1,M
09:57:35,1932.20,1,B
09:57:35,1932.20,17,B
09:57:35,1932.30,1,B
09:57:35,1932.30,1,B
09:57:35,1932.30,1,B
09:57:35,1932.30,1,B
09:57:35,1932.30,1,B
09:57:35,1932.30,1,B
09:57:35,1932.60,4,B
09:57:33,1932.70,17,M
09:57:33,1932.70,1,M
09:57:33,1932.70,10,M
09:57:33,1932.60,1,M
09:57:33,1932.60,1,M
09:57:32,1932.70,4,M
09:57:32,1932.60,1,M
09:57:32,1932.60,3,B
09:57:32,1932.60,3,M
09:57:32,1932.60,10,M
09:57:32,1932.50,1,M
09:57:32,1932.50,4,M
09:57:32,1932.50,18,M
09:57:32,1932.40,1,M
09:57:32,1932.20,3,B
09:57:32,1932.20,2,B
09:57:32,1932.20,2,B
09:57:32,1932.20,3,B
09:57:31,1932.50,1,M
09:57:31,1932.20,2,B
09:57:31,1932.50,1,M
09:57:31,1932.50,1,M
09:57:31,1932.50,1,M
09:57:31,1932.50,1,M
09:57:31,1932.20,3,B
09:57:31,1932.30,1,B
09:57:30,1932.20,2,B
09:57:30,1932.20,10,B
09:57:30,1932.20,5,B
09:57:30,1932.20,1,B
09:57:29,1932.20,1,B
09:57:28,1932.20,1,B
09:57:28,1932.50,2,M
09:57:27,1932.20,1,B
09:57:27,1932.30,1,M
09:57:24,1932.50,1,M
09:57:24,1932.20,1,B
09:57:23,1932.60,1,M
09:57:23,1932.30,1,M
09:57:23,1932.10,1,B
09:57:23,1932.10,1,B
09:57:23,1932.10,2,B
09:57:23,1932.10,1,B
09:57:22,1932.20,1,B
09:57:22,1932.20,1,B
09:57:22,1932.20,1,B
09:57:22,1932.20,1,B
09:57:22,1932.20,1,B
09:57:22,1932.40,1,B
09:57:22,1932.60,1,M
09:57:21,1932.20,4,B
09:57:21,1932.30,1,B
09:57:21,1932.30,1,B
09:57:21,1932.40,2,M
09:57:21,1932.30,1,B
09:57:20,1932.40,1,B
09:57:20,1932.60,1,M
09:57:20,1932.60,2,M
09:57:19,1932.60,1,M
09:57:19,1932.50,1,M
09:57:19,1932.40,1,B
09:57:18,1932.40,1,B
09:57:18,1932.40,1,M
09:57:18,1932.40,1,M
09:57:18,1932.30,1,M
09:57:18,1932.30,1,M
09:57:18,1932.30,2,B
09:57:18,1932.40,1,M
09:57:17,1932.30,1,B
09:57:17,1932.30,1,B
09:57:17,1932.70,1,M
09:57:16,1932.50,1,B
09:57:16,1932.40,1,B
09:57:15,1932.70,1,M
09:57:14,1932.40,1,B
09:57:14,1932.70,4,M
09:57:14,1932.70,1,M
09:57:14,1932.70,1,M
09:57:13,1932.30,1,M
09:57:13,1932.70,1,M
09:57:13,1932.70,1,M
09:57:13,1932.70,3,M
09:57:13,1932.70,20,M
09:57:13,1932.70,2,M
09:57:13,1932.70,7,M
09:57:13,1932.60,1,M
09:57:13,1932.60,1,M
09:57:13,1932.60,1,M
09:57:13,1932.60,1,M
09:57:13,1932.60,1,M
09:57:13,1932.60,1,M
09:57:13,1932.60,1,M
09:57:13,1932.60,1,M
09:57:13,1932.50,21,M
09:57:13,1932.50,1,M
09:57:13,1932.50,1,M
09:57:13,1932.50,1,M
09:57:13,1932.50,2,M
09:57:13,1932.50,1,M
09:57:13,1932.50,1,M
09:57:13,1932.50,1,M
09:57:13,1932.50,1,M
09:57:12,1932.20,1,B
09:57:12,1932.50,1,M
09:57:12,1932.10,3,B
09:57:12,1932.10,4,B
09:57:12,1932.10,3,B
09:57:12,1932.10,1,B
09:57:12,1932.10,1,B
09:57:12,1932.10,7,B
09:57:12,1932.10,6,B
09:57:12,1932.20,1,B
09:57:12,1932.20,1,B
09:57:12,1932.30,20,B
09:57:12,1932.50,1,M
09:57:12,1932.50,1,M
09:57:10,1932.50,1,M
09:57:10,1932.60,2,M
09:57:09,1932.20,1,B
09:57:09,1932.20,1,B
09:57:09,1932.20,1,B
09:57:09,1932.20,1,B
09:57:09,1932.50,1,M
09:57:09,1932.20,1,B
09:57:08,1932.20,1,B
09:57:08,1932.20,1,B
09:57:08,1932.20,1,B
09:57:07,1932.50,1,B
09:57:07,1932.60,2,M
09:57:07,1932.50,1,M
09:57:06,1932.50,1,M
09:57:06,1932.30,1,M
09:57:06,1932.50,2,M
09:57:05,1932.50,1,M
09:57:05,1932.50,1,M
09:57:05,1932.50,1,M
09:57:05,1932.10,1,B
09:57:05,1932.10,3,B
09:57:05,1932.10,4,B
09:57:05,1932.40,1,B
09:57:05,1932.50,1,M
09:57:05,1932.50,1,M
09:57:04,1932.50,1,M
09:57:02,1932.50,1,M
09:57:01,1932.50,1,M
09:57:01,1932.50,1,M
09:57:01,1932.40,3,M
09:57:01,1932.40,1,M
09:57:01,1932.40,1,M
09:57:00,1932.00,30,B
09:57:00,1932.10,2,B
09:57:00,1932.10,1,B
09:57:00,1932.10,2,B
09:57:00,1932.30,2,B
09:57:00,1932.40,2,M
09:57:00,1932.40,1,M
09:57:00,1932.40,1,M
09:57:00,1932.10,1,B
09:57:00,1932.40,1,M
09:57:00,1932.40,1,M
09:56:59,1932.20,1,M
09:56:59,1932.10,1,B
09:56:59,1932.10,1,B
09:56:58,1932.30,1,B
09:56:58,1932.00,23,B
09:56:58,1932.10,1,B
09:56:58,1932.10,3,B
09:56:58,1932.10,3,B
09:56:58,1932.10,1,B
09:56:58,1932.20,1,B
09:56:58,1932.20,1,B
09:56:58,1932.20,1,B
09:56:58,1932.20,1,B
09:56:58,1932.20,1,B
09:56:58,1932.20,1,B
09:56:58,1932.20,1,B
09:56:58,1932.30,2,B
09:56:58,1932.60,6,B
09:56:58,1932.70,1,M
09:56:57,1932.60,1,M
09:56:57,1932.60,1,M
09:56:57,1932.60,1,M
09:56:57,1932.60,1,M
09:56:57,1932.60,1,M
09:56:57,1932.30,1,M
09:56:56,1932.60,7,M
09:56:56,1932.50,1,M
09:56:56,1932.50,1,M
09:56:56,1932.50,1,M
09:56:56,1932.20,1,B
09:56:56,1932.20,5,B
09:56:56,1932.20,2,B
09:56:56,1932.30,1,B
09:56:56,1932.30,1,B
09:56:56,1932.30,1,B
09:56:56,1932.30,5,B
09:56:56,1932.30,1,B
09:56:55,1932.40,1,M
09:56:55,1932.30,2,B
09:56:55,1932.40,1,M
09:56:55,1932.40,1,M
09:56:55,1932.40,1,M
09:56:55,1932.40,1,M
09:56:55,1932.40,1,M
09:56:55,1932.40,1,M
09:56:54,1932.30,1,M
09:56:54,1932.30,1,M
09:56:54,1932.30,2,M
09:56:53,1932.30,1,M
09:56:52,1932.20,1,B
09:56:52,1932.20,1,B
09:56:52,1932.30,2,M
09:56:52,1932.30,1,M
09:56:50,1932.20,3,B
09:56:50,1932.20,1,B
09:56:49,1932.20,1,B
09:56:49,1932.20,2,B
09:56:49,1932.20,1,B
09:56:48,1932.00,1,B
09:56:48,1932.00,1,B
09:56:48,1932.00,1,B
09:56:48,1932.00,1,B
09:56:48,1932.00,1,B
09:56:47,1932.00,1,B
09:56:47,1932.30,1,M
09:56:47,1932.00,11,B
09:56:47,1932.10,5,B
09:56:47,1932.10,1,B
09:56:47,1932.10,1,B
09:56:47,1932.10,1,B
09:56:47,1932.10,2,M
09:56:47,1932.00,2,B
09:56:46,1932.00,1,B
09:56:46,1932.00,1,B
09:56:46,1932.00,1,B
09:56:46,1932.00,1,B
09:56:46,1932.00,1,B
09:56:46,1932.00,1,B
09:56:46,1932.00,2,B
09:56:45,1932.00,1,B
09:56:45,1932.00,1,B
09:56:45,1932.30,1,M
09:56:45,1932.00,2,B
09:56:45,1932.10,1,B
09:56:45,1932.20,2,B
09:56:44,1932.20,2,M
09:56:44,1932.20,1,M
09:56:44,1932.20,1,M
09:56:44,1932.20,2,M
09:56:44,1932.20,2,M
09:56:44,1932.10,1,M
09:56:44,1932.10,1,M
09:56:44,1932.10,1,M
09:56:44,1932.10,1,M
09:56:43,1932.10,1,M
09:56:43,1932.00,1,M
09:56:43,1932.00,1,M
09:56:43,1932.00,1,M
09:56:43,1932.00,1,M
09:56:43,1931.90,1,M
09:56:42,1931.70,1,B
09:56:41,1931.70,1,B
09:56:41,1931.70,1,B
09:56:41,1931.70,1,B
09:56:41,1931.80,1,B
09:56:41,1931.80,1,B
09:56:41,1931.80,1,B
09:56:40,1931.70,1,B
09:56:40,1931.80,3,B
09:56:40,1931.80,1,B
09:56:40,1932.10,1,M
09:56:40,1932.10,1,M
09:56:40,1932.10,3,M
09:56:40,1932.10,1,M
09:56:40,1932.00,21,M
09:56:40,1932.00,1,M
09:56:40,1932.00,6,M
09:56:40,1932.00,1,M
09:56:40,1932.00,1,M
09:56:40,1932.00,1,M
09:56:40,1932.00,3,M
09:56:40,1932.00,5,M
09:56:40,1932.00,2,M
09:56:40,1932.00,1,M
09:56:40,1932.00,5,M
09:56:40,1932.00,19,M
09:56:40,1932.00,1,M
09:56:40,1932.00,1,M
09:56:40,1932.00,1,M
09:56:40,1932.00,2,M
09:56:40,1932.00,2,M
09:56:38,1932.00,1,M
09:56:38,1932.00,1,M
09:56:37,1931.60,1,B
09:56:37,1932.00,7,M
09:56:37,1931.90,3,M
09:56:37,1931.90,1,M
09:56:37,1931.90,1,M
09:56:37,1931.90,3,M
09:56:37,1931.90,2,M
09:56:37,1931.70,1,M
09:56:37,1931.60,1,B
09:56:37,1931.70,1,B
09:56:37,1931.70,5,B
09:56:37,1931.70,1,B
09:56:37,1931.90,1,M
09:56:37,1931.70,1,B
09:56:35,1931.70,1,B
09:56:34,1931.70,1,B
09:56:34,1931.90,7,M
09:56:34,1931.90,6,M
09:56:34,1931.90,1,M
09:56:34,1931.80,1,M
09:56:34,1931.70,1,B
09:56:33,1931.90,1,M
09:56:33,1931.70,1,B
09:56:33,1931.90,1,M
09:56:33,1931.70,1,B
09:56:33,1931.90,1,M
09:56:33,1931.70,1,B
09:56:33,1931.90,2,M
09:56:33,1931.90,1,M
09:56:33,1931.90,1,M
09:56:32,1931.70,1,B
09:56:31,1931.70,1,B
09:56:31,1931.80,1,B
09:56:31,1931.80,1,M
09:56:30,1931.90,2,M
09:56:29,1931.80,1,B
09:56:29,1931.80,1,B
09:56:28,1931.80,2,B
09:56:28,1932.00,3,M
09:56:28,1932.00,1,M
09:56:28,1932.00,1,M
09:56:28,1932.00,1,M
09:56:28,1932.00,5,M
09:56:28,1932.00,1,M
09:56:28,1931.90,6,M
09:56:28,1931.90,2,M
09:56:27,1931.90,1,M
09:56:27,1931.90,1,M
09:56:27,1931.80,2,B
09:56:27,1931.80,1,B
09:56:26,1931.80,2,B
09:56:26,1932.00,1,M
09:56:26,1932.00,2,M
09:56:26,1932.00,2,M
09:56:26,1932.00,5,M
09:56:26,1931.80,1,B
09:56:25,1931.60,1,B
09:56:25,1931.60,1,B
09:56:25,1931.70,1,B
09:56:25,1931.70,2,B
09:56:25,1931.70,1,B
09:56:25,1931.70,10,B
09:56:25,1931.70,8,B
09:56:24,1931.70,1,B
09:56:24,1931.80,1,B
09:56:24,1932.00,1,M
09:56:24,1931.80,1,B
09:56:24,1931.80,1,M
09:56:23,1932.00,1,M
09:56:23,1931.70,1,B
09:56:23,1931.90,1,M
09:56:22,1931.90,1,M
09:56:20,1932.00,1,M
09:56:20,1931.90,1,M
09:56:20,1931.60,1,B
09:56:19,1931.60,1,B
09:56:19,1931.80,3,B
09:56:17,1932.00,1,M
09:56:17,1931.80,1,B
09:56:16,1932.00,1,M
09:56:16,1931.90,1,M
09:56:15,1931.50,5,B
09:56:15,1931.60,1,B
09:56:15,1932.00,1,M
09:56:15,1931.90,1,M
09:56:15,1931.50,1,B
09:56:15,1931.60,1,B
09:56:15,1932.00,1,M
09:56:15,1931.90,1,M
09:56:15,1931.90,1,M
09:56:13,1932.00,3,M
09:56:13,1931.60,1,B
09:56:12,1931.50,1,B
09:56:12,1931.50,1,B
09:56:12,1931.50,1,B
09:56:12,1931.50,1,B
09:56:12,1931.60,1,B
09:56:11,1931.60,1,B
09:56:11,1931.60,1,B
09:56:11,1932.00,2,M
09:56:10,1931.60,1,B
09:56:10,1932.00,1,M
09:56:10,1932.00,1,M
09:56:10,1932.00,1,M
09:56:09,1932.00,1,M
09:56:09,1932.00,2,M
09:56:09,1932.00,1,M
09:56:08,1932.00,1,M
09:56:07,1931.60,1,B
09:56:07,1931.60,1,B
09:56:07,1931.60,1,B
09:56:07,1931.80,1,B
09:56:07,1932.00,2,M
09:56:07,1932.00,2,M
09:56:07,1932.00,1,M
09:56:07,1932.00,1,M
09:56:07,1932.00,2,M
09:56:07,1931.90,2,M
09:56:07,1931.90,11,M
09:56:07,1931.90,1,M
09:56:07,1931.90,4,M
09:56:07,1931.90,25,M
09:56:07,1931.80,4,M
09:56:07,1931.80,1,M
09:56:07,1931.80,2,M
09:56:07,1931.80,1,M
09:56:07,1931.80,1,M
09:56:07,1931.70,1,M
09:56:07,1931.70,3,M
09:56:07,1931.60,1,M
09:56:07,1931.60,1,M
09:56:07,1931.60,1,M
09:56:07,1931.60,1,M
09:56:07,1931.60,3,M
09:56:07,1931.50,1,B
09:56:06,1931.50,4,B
09:56:06,1931.60,2,M
09:56:06,1931.50,1,B
09:56:05,1931.60,3,M
09:56:05,1931.60,1,M
09:56:05,1931.60,1,M
09:56:05,1931.60,1,M
09:56:05,1931.60,1,M
09:56:05,1931.50,1,B
09:56:04,1931.60,3,M
09:56:04,1931.60,1,M
09:56:04,1931.50,1,B
09:56:04,1931.50,1,B
09:56:04,1931.50,3,B
09:56:04,1931.50,2,B
09:56:03,1931.50,1,B
09:56:03,1931.60,1,M
09:56:03,1931.50,1,B
09:56:03,1931.50,1,B
09:56:03,1931.50,1,B
09:56:03,1931.50,1,B
09:56:03,1931.50,1,B
09:56:03,1931.60,1,M
09:56:02,1931.50,2,B
09:56:02,1931.50,1,B
09:56:02,1931.50,1,B
09:56:02,1931.50,1,B
09:56:02,1931.60,1,M
09:56:02,1931.50,1,B
09:56:02,1931.50,1,B
09:56:02,1931.50,1,B
09:56:01,1931.50,1,B
09:56:01,1931.50,2,B
09:56:01,1931.50,1,B
09:56:01,1931.60,1,M
09:56:01,1931.60,1,M
09:56:01,1931.50,10,B
09:56:01,1931.50,1,B
09:56:01,1931.50,1,B
09:56:01,1931.50,1,B
09:56:00,1931.60,1,M
09:56:00,1931.50,1,M
09:56:00,1931.50,1,M
09:56:00,1931.50,1,M
09:55:59,1931.50,1,M
09:55:58,1931.60,1,M
09:55:58,1931.50,1,M
09:55:58,1931.40,1,B
09:55:58,1931.40,2,B
09:55:58,1931.40,1,B
09:55:58,1931.40,1,B
09:55:57,1931.60,1,M
09:55:57,1931.50,1,M
09:55:57,1931.50,1,B
09:55:57,1931.60,2,M
09:55:57,1931.50,1,B
09:55:57,1931.50,1,B
09:55:57,1931.50,1,B
09:55:57,1931.50,1,B
09:55:57,1931.50,1,B
09:55:57,1931.50,1,B
09:55:57,1931.50,1,M
09:55:57,1931.50,4,M
09:55:57,1931.50,1,M
09:55:57,1931.40,3,B
09:55:57,1931.40,1,B
09:55:56,1931.50,1,M
09:55:56,1931.50,1,M
09:55:56,1931.30,1,B
09:55:56,1931.30,1,B
09:55:56,1931.30,1,B
09:55:56,1931.30,3,B
09:55:56,1931.40,1,B
09:55:56,1931.40,2,B
09:55:56,1931.40,8,B
09:55:56,1931.50,1,B
09:55:56,1931.50,4,B
09:55:56,1931.50,11,B
09:55:55,1931.50,1,B
09:55:55,1931.50,1,B
09:55:55,1931.50,1,B
09:55:55,1931.50,10,B
09:55:55,1931.50,1,B
09:55:55,1931.50,4,B
09:55:55,1931.50,1,B
09:55:55,1931.50,1,B
09:55:55,1931.50,2,B
09:55:55,1931.60,1,M
09:55:54,1931.50,1,B
09:55:54,1931.50,1,B
09:55:54,1931.50,1,B
09:55:54,1931.50,1,B
09:55:54,1931.50,3,B
09:55:54,1931.60,1,M
09:55:54,1931.60,1,M
09:55:54,1931.60,6,M
09:55:54,1931.60,1,M
09:55:54,1931.60,1,M
09:55:54,1931.50,4,B
09:55:54,1931.50,1,B
09:55:53,1931.60,1,M
09:55:53,1931.60,1,M
09:55:52,1931.60,1,M
09:55:52,1931.60,1,M
09:55:52,1931.40,1,B
09:55:52,1931.40,4,B
09:55:52,1931.40,2,B
09:55:52,1931.40,1,B
09:55:52,1931.50,1,B
09:55:52,1931.60,1,B
09:55:52,1931.60,1,B
09:55:51,1931.60,1,B
09:55:51,1931.70,2,M
09:55:51,1931.60,1,B
09:55:51,1931.60,1,B
09:55:51,1931.60,1,B
09:55:51,1931.80,1,M
09:55:51,1931.80,1,M
09:55:51,1931.80,1,M
09:55:51,1931.80,1,M
09:55:51,1931.70,1,M
09:55:51,1931.70,3,M
09:55:51,1931.70,1,M
09:55:51,1931.70,1,M
09:55:51,1931.60,1,B
09:55:51,1931.60,1,B
09:55:51,1931.60,1,B
09:55:51,1931.60,2,B
09:55:51,1931.60,1,B
09:55:50,1931.70,1,B
09:55:50,1931.80,1,M
09:55:50,1931.80,1,M
09:55:50,1931.80,1,M
09:55:50,1931.70,1,B
09:55:50,1931.70,1,B
09:55:50,1931.70,1,B
09:55:50,1931.70,1,B
09:55:49,1931.80,2,B
09:55:49,1931.80,1,B
09:55:49,1931.80,7,B
09:55:49,1931.80,1,B
09:55:49,1931.80,1,B
09:55:49,1931.80,1,B
09:55:49,1931.90,1,B
09:55:49,1931.90,1,B
09:55:49,1932.00,1,B
09:55:49,1932.00,2,B
09:55:49,1932.00,1,B
09:55:49,1932.00,1,B
09:55:49,1932.00,1,B
09:55:49,1932.00,1,B
09:55:49,1932.00,1,B
09:55:49,1932.00,1,B
09:55:49,1932.00,1,B
09:55:49,1932.00,1,B
09:55:49,1932.00,1,B
09:55:49,1932.00,1,B
09:55:49,1932.00,1,B
09:55:49,1932.00,1,B
09:55:49,1932.00,1,B
09:55:49,1932.00,1,B
09:55:49,1932.00,1,B
09:55:49,1932.30,1,M
09:55:49,1932.00,1,B
09:55:48,1932.00,1,B
09:55:48,1932.00,1,B
09:55:48,1932.00,2,B
09:55:48,1932.00,1,B
09:55:48,1932.10,1,B
09:55:48,1932.10,1,B
09:55:48,1932.10,2,B
09:55:48,1932.10,1,B
09:55:48,1932.10,1,B
09:55:48,1932.10,3,B
09:55:48,1932.10,2,B
09:55:48,1932.10,3,B
09:55:48,1932.10,1,B
09:55:48,1932.10,5,B
09:55:48,1932.10,2,B
09:55:48,1932.10,2,B
09:55:48,1932.10,5,B
09:55:48,1932.10,8,B
09:55:48,1932.10,3,B
09:55:48,1932.20,1,B
09:55:48,1932.20,1,M
09:55:48,1932.20,1,M
09:55:48,1932.10,1,B
09:55:48,1932.10,1,B
09:55:47,1932.20,1,M
09:55:47,1932.10,2,B
09:55:47,1932.20,2,B
09:55:47,1932.40,1,B
09:55:46,1932.20,1,M
09:55:46,1932.10,1,B
09:55:46,1932.20,1,B
09:55:46,1932.50,1,M
09:55:46,1932.10,1,B
09:55:46,1932.20,1,B
09:55:45,1932.50,1,M
09:55:45,1932.20,2,B
09:55:45,1932.20,1,B
09:55:45,1932.20,2,B
09:55:45,1932.30,1,B
09:55:45,1932.50,1,M
09:55:44,1932.50,1,M
09:55:44,1932.10,2,B
09:55:44,1932.10,2,B
09:55:44,1932.20,1,B
09:55:43,1932.50,2,B
09:55:43,1932.20,1,M
09:55:43,1932.10,1,B
09:55:43,1932.50,1,M
09:55:43,1932.40,1,B
09:55:42,1932.50,1,M
09:55:42,1932.20,1,B
09:55:42,1932.30,1,B
09:55:42,1932.60,1,M
09:55:41,1932.30,1,B
09:55:40,1932.80,1,M
09:55:40,1932.20,1,B
09:55:40,1932.20,1,B
09:55:40,1932.20,2,B
09:55:40,1932.20,4,B
09:55:40,1932.20,3,B
09:55:40,1932.20,1,B
09:55:40,1932.20,1,B
09:55:40,1932.20,1,B
09:55:40,1932.20,1,B
09:55:40,1932.20,3,B
09:55:40,1932.30,1,B
09:55:40,1932.30,1,B
09:55:40,1932.30,1,B
09:55:40,1932.30,1,B
09:55:40,1932.30,3,B
09:55:40,1932.30,2,B
09:55:40,1932.30,1,B
09:55:40,1932.30,2,B
09:55:40,1932.30,1,B
09:55:40,1932.40,1,B
09:55:40,1932.40,1,B
09:55:40,1932.40,1,B
09:55:40,1932.40,1,B
09:55:40,1932.50,1,B
09:55:40,1932.60,10,B
09:55:40,1932.80,4,B
09:55:40,1932.80,3,M
09:55:40,1932.80,1,M
09:55:40,1932.80,7,M
09:55:39,1932.90,2,M
09:55:39,1932.90,1,M
09:55:38,1932.80,1,M
09:55:38,1932.80,1,M
09:55:38,1932.70,1,B
09:55:38,1932.80,1,M
09:55:38,1933.00,6,M
09:55:38,1932.90,2,M
09:55:38,1932.80,1,M
09:55:38,1932.80,1,M
09:55:38,1932.80,1,M
09:55:37,1932.60,3,M
09:55:37,1932.50,2,B
09:55:37,1932.50,2,B
09:55:37,1932.50,8,B
09:55:37,1932.50,9,B
09:55:37,1932.50,1,B
09:55:37,1932.50,1,B
09:55:37,1932.50,1,B
09:55:37,1932.50,1,B
09:55:37,1932.50,1,B
09:55:37,1932.60,1,B
09:55:37,1932.60,1,B
09:55:37,1932.60,10,B
09:55:37,1932.60,1,B
09:55:37,1932.60,10,B
09:55:37,1932.60,1,B
09:55:37,1933.00,2,M
09:55:36,1933.00,1,M
09:55:36,1933.00,1,M
09:55:36,1933.00,1,M
09:55:36,1933.00,1,M
09:55:36,1933.00,1,M
09:55:36,1932.60,8,B
09:55:36,1932.60,1,B
09:55:35,1933.00,1,M
09:55:35,1932.60,1,B
09:55:35,1933.00,1,M
09:55:34,1932.60,1,B
09:55:34,1932.60,1,B
09:55:34,1932.70,1,M
09:55:34,1933.00,1,M
09:55:34,1932.60,1,B
09:55:33,1932.60,1,B
09:55:33,1932.60,1,B
09:55:33,1932.60,1,B
09:55:33,1933.00,1,M
09:55:33,1933.00,1,M
09:55:33,1933.00,1,M
09:55:33,1933.00,4,M
09:55:33,1933.00,1,M
09:55:33,1933.00,1,M
09:55:33,1933.00,1,M
09:55:33,1933.00,1,M
09:55:33,1933.00,1,M
09:55:33,1933.00,1,M
09:55:33,1933.00,1,M
09:55:33,1933.00,1,M
09:55:33,1933.00,1,M
09:55:33,1933.00,1,M
09:55:33,1933.00,1,M
09:55:33,1933.00,2,M
09:55:33,1933.00,1,M
09:55:33,1933.00,10,M
09:55:33,1932.90,1,M
09:55:33,1932.90,5,M
09:55:33,1932.90,10,M
09:55:33,1932.90,7,M
09:55:33,1932.90,1,M
09:55:33,1932.90,1,M
09:55:33,1932.90,1,M
09:55:33,1932.90,1,M
09:55:33,1932.90,3,M
09:55:33,1932.80,1,M
09:55:33,1932.80,1,M
09:55:33,1932.80,8,M
09:55:32,1932.80,1,M
09:55:32,1932.50,1,M
09:55:32,1932.50,1,B
09:55:32,1932.50,2,B
09:55:32,1932.50,20,B
09:55:32,1932.50,1,B
09:55:32,1932.50,3,B
09:55:32,1932.50,1,B
09:55:31,1932.50,5,B
09:55:31,1932.80,1,M
09:55:31,1932.60,1,B
09:55:30,1932.50,1,B
09:55:30,1932.90,1,M
09:55:30,1932.50,49,B
09:55:30,1932.80,1,B
09:55:30,1932.80,1,B
09:55:30,1932.80,1,B
09:55:30,1932.90,1,M
09:55:30,1932.90,1,M
09:55:30,1932.90,1,M
09:55:29,1932.80,3,B
09:55:29,1932.80,11,B
09:55:29,1932.90,1,M
09:55:29,1932.90,1,M
09:55:29,1932.90,1,M
09:55:29,1932.90,1,M
09:55:29,1932.80,11,M
09:55:29,1932.80,1,M
09:55:29,1932.80,1,M
09:55:29,1932.80,1,M
09:55:29,1932.70,2,M
09:55:29,1932.50,5,B
09:55:28,1932.70,1,M
09:55:28,1932.70,1,M
09:55:27,1932.60,1,B
09:55:27,1932.60,1,B
09:55:27,1932.70,1,M
09:55:27,1932.60,2,B
09:55:27,1932.60,1,B
09:55:26,1932.60,2,B
09:55:26,1932.60,1,M
09:55:26,1932.60,2,M
09:55:26,1932.50,1,B
09:55:26,1932.60,1,M
09:55:25,1932.50,5,B
09:55:25,1932.60,1,M
09:55:25,1932.60,1,M
09:55:25,1932.60,1,M
09:55:24,1932.60,1,M
09:55:24,1932.50,5,B
09:55:24,1932.50,1,B
09:55:24,1932.60,2,M
09:55:24,1932.60,3,M
09:55:23,1932.50,1,B
09:55:23,1932.60,1,M
09:55:23,1932.50,2,B
09:55:23,1932.50,1,B
09:55:23,1932.50,1,B
09:55:23,1932.60,2,M
09:55:23,1932.50,1,B
09:55:23,1932.60,3,M
09:55:22,1932.60,1,M
09:55:22,1932.60,1,M
09:55:22,1932.60,1,M
09:55:22,1932.50,5,B
09:55:22,1932.50,3,B
09:55:22,1932.50,2,B
09:55:22,1932.60,1,M
09:55:22,1932.50,1,B
09:55:21,1932.50,2,M
09:55:21,1932.40,2,M
09:55:21,1932.40,2,M
09:55:21,1932.30,1,M
09:55:21,1932.30,1,M
09:55:21,1932.30,2,M
09:55:21,1932.10,2,B
09:55:21,1932.10,1,B
09:55:21,1932.30,1,M
09:55:20,1932.10,1,B
09:55:20,1932.30,1,M
09:55:20,1932.20,2,B
09:55:20,1932.20,1,B
09:55:20,1932.20,1,B
09:55:20,1932.20,1,B
09:55:20,1932.20,1,B
09:55:20,1932.30,1,M
09:55:20,1932.20,2,B
09:55:20,1932.30,2,M
09:55:20,1932.20,1,B
09:55:20,1932.20,1,B
09:55:19,1932.20,2,B
09:55:19,1932.20,2,B
09:55:19,1932.30,1,M
09:55:19,1932.20,2,B
09:55:19,1932.20,3,B
09:55:18,1932.20,1,B
09:55:18,1932.30,1,M
09:55:18,1932.20,1,B
09:55:17,1932.60,1,M
09:55:17,1932.20,1,B
09:55:17,1932.20,1,B
09:55:17,1932.30,1,B
09:55:17,1932.40,1,B
09:55:17,1932.40,1,B
09:55:17,1932.40,1,B
09:55:17,1932.40,1,B
09:55:17,1932.50,1,B
09:55:17,1932.50,1,B
09:55:17,1932.60,2,M
09:55:17,1932.50,1,M
09:55:17,1932.40,1,B
09:55:17,1932.40,1,B
09:55:17,1932.40,1,B
09:55:17,1932.80,1,M
09:55:17,1932.90,1,M
09:55:17,1932.90,11,M
09:55:17,1932.90,1,M
09:55:17,1932.90,1,M
09:55:17,1932.90,1,M
09:55:17,1932.80,3,M
09:55:17,1932.80,1,M
09:55:17,1932.80,1,M
09:55:17,1932.80,1,M
09:55:17,1932.80,1,M
09:55:17,1932.80,1,M
09:55:17,1932.80,1,M
09:55:17,1932.70,1,M
09:55:17,1932.70,1,M
09:55:17,1932.70,1,M
09:55:17,1932.70,1,M
09:55:17,1932.60,1,M
09:55:17,1932.50,1,M
09:55:17,1932.50,1,M
09:55:16,1932.30,1,B
09:55:16,1932.30,1,B
09:55:16,1932.30,4,B
09:55:16,1932.30,1,B
09:55:16,1932.60,1,M
09:55:16,1932.50,1,M
09:55:16,1932.30,1,B
09:55:15,1932.30,3,B
09:55:15,1932.30,4,B
09:55:15,1932.30,1,B
09:55:15,1932.40,1,M
09:55:15,1932.30,1,B
09:55:15,1932.30,2,B
09:55:15,1932.50,2,M
09:55:15,1932.30,2,B
09:55:15,1932.50,1,M
09:55:15,1932.50,1,M
09:55:14,1932.30,1,B
09:55:14,1932.30,8,B
09:55:14,1932.30,1,B
09:55:14,1932.30,2,B
09:55:14,1932.30,1,B
09:55:14,1932.30,1,B
09:55:14,1932.40,1,B
09:55:14,1932.40,1,B
09:55:14,1932.50,1,M
09:55:14,1932.30,2,B
09:55:14,1932.30,3,B
09:55:13,1932.30,1,B
09:55:13,1932.50,1,M
09:55:13,1932.30,1,M
09:55:13,1932.30,1,M
09:55:13,1932.20,2,B
09:55:13,1932.20,1,B
09:55:13,1932.20,1,B
09:55:13,1932.50,1,B
09:55:13,1932.60,1,M
09:55:13,1932.20,1,B
09:55:12,1932.20,1,B
09:55:12,1932.30,1,B
09:55:12,1932.30,1,B
09:55:12,1932.60,1,M
09:55:12,1932.30,1,B
09:55:12,1932.30,1,B
09:55:12,1932.30,1,B
09:55:12,1932.30,1,B
09:55:12,1932.30,1,B
09:55:12,1932.20,1,B
09:55:12,1932.20,1,B
09:55:12,1932.40,1,M
09:55:11,1932.30,1,B
09:55:11,1932.40,1,B
09:55:11,1932.60,2,B
09:55:11,1932.80,1,M
09:55:11,1932.80,11,M
09:55:11,1932.80,3,M
09:55:11,1932.70,3,M
09:55:11,1932.70,1,M
09:55:11,1932.70,1,M
09:55:11,1932.70,1,M
09:55:11,1932.70,11,M
09:55:11,1932.60,1,M
09:55:11,1932.60,1,M
09:55:11,1932.60,1,M
09:55:11,1932.60,1,M
09:55:11,1932.60,1,M
09:55:11,1932.60,1,M
09:55:11,1932.60,1,M
09:55:11,1932.60,1,M
09:55:11,1932.60,1,M
09:55:11,1932.60,1,M
09:55:11,1932.60,1,M
09:55:11,1932.60,6,M
09:55:11,1932.50,10,M
09:55:11,1932.50,1,M
09:55:11,1932.50,1,M
09:55:11,1932.50,1,M
09:55:11,1932.10,1,B
09:55:11,1932.20,1,B
09:55:11,1932.20,1,B
09:55:11,1932.20,1,B
09:55:11,1932.20,1,B
09:55:11,1932.10,14,B
09:55:11,1932.20,1,B
09:55:10,1932.20,2,B
09:55:10,1932.20,1,B
09:55:10,1932.30,1,B
09:55:10,1932.60,1,M
09:55:10,1932.60,1,M
09:55:10,1932.60,1,M
09:55:10,1932.60,1,M
09:55:10,1932.60,1,M
09:55:10,1932.50,1,M
09:55:10,1932.50,1,M
09:55:10,1932.50,1,M
09:55:10,1932.50,1,M
09:55:10,1932.50,1,M
09:55:10,1932.20,1,M
09:55:10,1932.20,7,M
09:55:10,1932.20,1,M
09:55:10,1932.20,1,M
09:55:10,1932.20,1,M
09:55:10,1932.20,1,M
09:55:09,1932.10,1,B
09:55:09,1932.10,1,B
09:55:09,1932.10,1,B
09:55:09,1932.10,1,B
09:55:09,1932.10,1,B
09:55:09,1932.20,1,B
09:55:09,1932.30,1,B
09:55:09,1932.40,1,M
09:55:09,1932.20,1,B
09:55:09,1932.10,1,B
09:55:08,1932.10,5,B
09:55:08,1932.10,10,B
09:55:08,1932.20,1,B
09:55:08,1932.30,1,B
09:55:08,1932.30,1,B
09:55:08,1932.30,6,B
09:55:08,1932.30,1,B
09:55:08,1932.30,1,B
09:55:08,1932.30,1,B
09:55:08,1932.30,1,B
09:55:08,1932.40,7,B
09:55:08,1932.60,1,M
09:55:08,1932.60,1,M
09:55:08,1932.60,1,M
09:55:08,1932.40,2,B
09:55:08,1932.40,1,B
09:55:08,1932.40,1,B
09:55:08,1932.40,2,B
09:55:08,1932.50,2,B
09:55:08,1932.50,2,B
09:55:08,1932.50,2,B
09:55:08,1932.50,3,B
09:55:08,1932.50,3,B
09:55:08,1932.50,1,B
09:55:08,1932.50,1,B
09:55:08,1932.50,2,B
09:55:08,1932.50,1,B
09:55:08,1932.50,1,B
09:55:08,1932.50,2,B
09:55:08,1932.50,7,B
09:55:08,1932.50,1,B
09:55:08,1932.50,4,B
09:55:08,1932.50,2,B
09:55:07,1932.50,1,B
09:55:07,1932.50,3,B
09:55:07,1932.50,1,B
09:55:07,1932.80,1,M
09:55:07,1932.50,1,B
09:55:07,1932.50,1,B
09:55:07,1932.50,1,B
09:55:07,1932.60,1,B
09:55:06,1932.60,4,M
09:55:06,1932.50,1,B
09:55:06,1932.60,1,M
09:55:06,1932.60,2,M
09:55:06,1932.60,1,B
09:55:06,1932.80,1,B
09:55:05,1932.90,1,M
09:55:05,1932.90,1,M
09:55:05,1932.90,1,M
09:55:05,1932.90,5,M
09:55:05,1932.90,1,M
09:55:05,1932.90,2,M
09:55:05,1932.60,3,B
09:55:05,1932.60,1,B
09:55:04,1932.80,1,M
09:55:04,1932.50,2,B
09:55:04,1932.80,1,M
09:55:04,1932.50,1,B
09:55:04,1932.50,7,B
09:55:04,1932.50,2,B
09:55:04,1932.50,8,B
09:55:04,1932.50,2,B
09:55:04,1932.60,5,B
09:55:03,1932.90,1,M
09:55:03,1932.90,4,M
09:55:03,1932.90,1,M
09:55:02,1932.50,1,B
09:55:02,1932.50,1,B
09:55:02,1932.50,1,B
09:55:02,1932.50,9,B
09:55:01,1932.90,2,M
09:55:01,1932.90,1,M
09:55:01,1932.50,1,B
09:55:01,1932.50,1,B
09:55:01,1932.50,1,B
09:55:01,1932.50,2,B
09:55:01,1932.50,1,B
09:55:00,1932.50,3,B
09:55:00,1932.60,1,B
09:55:00,1932.60,1,B
09:55:00,1932.90,1,M
09:55:00,1932.50,1,B
09:55:00,1932.50,1,B
09:55:00,1932.60,1,B
09:55:00,1933.00,2,M
09:55:00,1933.00,31,M
09:55:00,1933.00,1,M
09:55:00,1933.00,1,M
09:55:00,1933.00,1,M
09:55:00,1933.00,3,M
09:55:00,1933.00,13,M
09:55:00,1933.00,2,M
09:55:00,1933.00,2,M
09:55:00,1933.00,3,M
09:55:00,1933.00,1,M
09:55:00,1932.90,1,M
09:55:00,1932.90,5,M
09:55:00,1932.80,2,M
09:55:00,1932.80,1,M
09:55:00,1932.80,1,M
09:55:00,1932.80,1,M
09:55:00,1932.80,1,M
09:55:00,1932.70,1,M
09:55:00,1932.70,1,M
09:54:59,1932.50,1,B
09:54:59,1932.50,1,B
09:54:59,1932.40,1,B
09:54:59,1932.40,1,B
09:54:59,1932.40,1,B
09:54:59,1932.40,1,B
09:54:59,1932.40,1,B
09:54:59,1932.50,1,B
09:54:59,1932.50,2,B
09:54:59,1932.50,4,B
09:54:59,1932.90,1,M
09:54:59,1932.90,4,M
09:54:59,1932.50,2,B
09:54:59,1932.70,1,B
09:54:59,1932.90,1,M
09:54:59,1932.90,1,M
09:54:58,1932.70,1,B
09:54:58,1932.70,3,B
09:54:58,1932.50,4,B
09:54:58,1932.50,2,B
09:54:58,1932.50,1,B
09:54:58,1932.50,2,B
09:54:58,1932.50,1,B
09:54:58,1932.50,2,B
09:54:58,1932.60,8,B
09:54:58,1932.60,1,B
09:54:58,1932.60,1,B
09:54:58,1932.60,8,B
09:54:58,1932.60,2,B
09:54:58,1932.90,1,M
09:54:57,1932.60,1,B
09:54:57,1932.90,1,M
09:54:57,1932.60,1,B
09:54:57,1932.60,3,B
09:54:57,1932.60,1,B
09:54:57,1932.60,1,B
09:54:56,1932.60,1,B
09:54:56,1933.00,2,M
09:54:56,1933.00,1,M
09:54:56,1932.90,1,M
09:54:56,1932.90,1,M
09:54:56,1932.60,1,B
09:54:55,1932.60,8,B
09:54:55,1932.60,1,B
09:54:55,1932.90,1,M
09:54:55,1932.60,1,B
09:54:54,1932.60,1,B
09:54:54,1932.90,2,M
09:54:54,1932.60,10,B
09:54:54,1932.60,1,B
09:54:54,1932.60,2,B
09:54:54,1932.60,1,B
09:54:54,1932.60,2,B
09:54:54,1932.70,2,B
09:54:54,1932.70,1,B
09:54:54,1932.90,1,M
09:54:54,1932.80,1,M
09:54:53,1932.80,1,M
09:54:53,1932.70,3,B
09:54:53,1933.00,1,M
09:54:53,1933.00,1,M
09:54:53,1933.00,1,M
09:54:52,1932.70,1,B
09:54:52,1932.80,1,B
09:54:52,1932.90,1,B
09:54:52,1932.90,2,B
09:54:52,1932.90,5,B
09:54:52,1932.90,3,B
09:54:52,1933.00,1,M
09:54:52,1932.90,1,B
09:54:52,1933.00,1,M
09:54:52,1932.90,1,B
09:54:52,1933.10,6,M
09:54:52,1933.00,1,M
09:54:52,1933.00,1,M
09:54:52,1933.00,1,M
09:54:52,1933.00,1,M
09:54:51,1932.90,1,B
09:54:51,1932.90,9,B
09:54:51,1932.90,1,B
09:54:51,1933.00,1,M
09:54:51,1932.90,14,B
09:54:51,1932.90,2,B
09:54:51,1933.00,1,M
09:54:51,1932.90,3,B
09:54:50,1932.90,2,B
09:54:50,1932.90,1,B
09:54:50,1933.00,1,M
09:54:50,1932.90,1,B
09:54:50,1932.90,1,B
09:54:50,1933.00,1,M
09:54:49,1932.90,5,B
09:54:49,1932.90,1,B
09:54:49,1932.90,1,B
09:54:49,1933.00,2,M
09:54:49,1932.90,62,B
09:54:49,1932.90,40,B
09:54:49,1933.00,1,M
09:54:49,1933.00,1,M
09:54:48,1933.10,1,M
09:54:48,1933.10,20,M
09:54:48,1933.00,1,B
09:54:48,1933.00,1,B
09:54:48,1933.00,1,B
09:54:48,1933.10,1,M
09:54:47,1933.00,1,B
09:54:47,1933.10,1,M
09:54:46,1933.00,1,B
09:54:46,1933.10,20,M
09:54:46,1933.10,10,M
09:54:46,1933.00,1,B
09:54:46,1933.00,5,B
09:54:46,1933.00,5,B
09:54:46,1933.00,1,B
09:54:46,1933.00,1,B
09:54:46,1933.10,1,M
09:54:46,1933.10,1,M
09:54:46,1933.10,5,B
09:54:46,1933.10,1,B
09:54:46,1933.10,1,B
09:54:46,1933.10,1,B
09:54:46,1933.10,1,B
09:54:46,1933.10,1,B
09:54:45,1933.40,1,M
09:54:45,1933.10,1,M
09:54:45,1933.00,1,B
09:54:45,1933.10,1,M
09:54:45,1933.50,3,M
09:54:45,1933.50,1,M
09:54:45,1933.50,1,M
09:54:45,1933.40,1,M
09:54:45,1933.40,6,M
09:54:45,1933.20,1,M
09:54:45,1933.20,4,M
09:54:45,1933.20,3,M
09:54:45,1933.00,9,B
09:54:45,1933.10,1,B
09:54:45,1933.00,1,B
09:54:45,1933.20,1,M
09:54:44,1933.00,9,B
09:54:44,1933.10,11,B
09:54:44,1933.20,1,M
09:54:44,1933.10,3,B
09:54:44,1933.10,2,B
09:54:43,1933.10,3,B
09:54:43,1933.10,1,B
09:54:43,1933.20,1,M
09:54:43,1933.20,1,M
09:54:43,1933.00,1,B
09:54:43,1933.00,1,B
09:54:43,1933.00,8,B
09:54:43,1933.20,2,M
09:54:43,1933.00,5,B
09:54:42,1933.00,1,B
09:54:42,1933.20,1,M
09:54:42,1933.00,5,B
09:54:42,1933.00,3,B
09:54:42,1933.00,1,B
09:54:42,1933.00,1,B
09:54:42,1933.00,1,B
09:54:42,1933.00,3,B
09:54:42,1933.10,1,M
09:54:41,1933.00,1,B
09:54:41,1933.00,1,B
09:54:40,1933.00,2,B
09:54:40,1933.00,1,B
09:54:40,1933.10,2,M
09:54:40,1933.10,1,M
09:54:40,1933.00,1,B
09:54:40,1933.00,2,B
09:54:40,1933.00,1,B
09:54:40,1933.00,6,B
09:54:40,1933.00,1,B
09:54:40,1933.00,1,B
09:54:40,1933.20,1,M
09:54:40,1933.00,3,B
09:54:40,1933.00,4,B
09:54:40,1933.00,1,B
09:54:40,1933.00,1,B
09:54:40,1933.00,1,B
09:54:39,1933.40,2,M
09:54:39,1933.00,1,B
09:54:39,1933.00,1,B
09:54:39,1933.00,1,B
09:54:39,1933.00,1,B
09:54:39,1933.00,6,B
09:54:39,1933.10,20,B
09:54:39,1933.40,2,M
09:54:39,1933.30,3,M
09:54:39,1933.30,1,M
09:54:39,1933.30,3,M
09:54:39,1933.30,1,M
09:54:39,1933.30,1,M
09:54:39,1933.30,10,M
09:54:39,1933.10,1,M
09:54:39,1933.10,4,M
09:54:39,1933.10,4,M
09:54:39,1933.10,7,M
09:54:39,1933.00,1,B
09:54:38,1933.10,1,B
09:54:38,1933.10,13,B
09:54:38,1933.30,4,M
09:54:38,1933.30,1,M
09:54:38,1933.30,2,M
09:54:38,1933.30,2,M
09:54:37,1933.20,1,B
09:54:37,1933.30,1,M
09:54:37,1933.30,1,M
09:54:36,1933.30,5,B
09:54:36,1933.30,2,B
09:54:36,1933.30,5,B
09:54:36,1933.30,15,B
09:54:36,1933.30,1,B
09:54:36,1933.30,2,B
09:54:35,1933.50,1,M
09:54:35,1933.40,44,B
09:54:34,1933.30,1,B
09:54:33,1933.30,1,B
09:54:33,1933.50,24,B
09:54:33,1933.50,2,M
09:54:33,1933.50,1,M
09:54:33,1933.50,2,M
09:54:33,1933.50,1,M
09:54:33,1933.50,1,M
09:54:33,1933.30,1,B
09:54:33,1933.40,1,M
09:54:32,1933.30,1,B
09:54:32,1933.30,1,B
09:54:31,1933.30,1,B
09:54:31,1933.50,4,B
09:54:31,1933.50,3,M
09:54:31,1933.30,1,B
09:54:31,1933.50,1,M
09:54:30,1933.10,11,B
09:54:30,1933.10,1,B
09:54:30,1933.10,2,B
09:54:30,1933.10,3,B
09:54:30,1933.10,1,B
09:54:30,1933.10,1,B
09:54:30,1933.10,1,B
09:54:30,1933.20,5,B
09:54:30,1933.20,1,B
09:54:30,1933.40,2,B
09:54:30,1933.20,1,B
09:54:30,1933.50,1,M
09:54:29,1933.20,1,B
09:54:29,1933.20,1,B
09:54:29,1933.40,2,B
09:54:29,1933.40,14,B
09:54:29,1933.50,1,M
09:54:29,1933.40,10,B
09:54:29,1933.50,1,B
09:54:29,1933.50,1,B
09:54:29,1933.50,2,B
09:54:29,1933.50,6,B
09:54:29,1933.50,4,B
09:54:29,1933.50,7,B
09:54:28,1933.50,10,B
09:54:28,1933.50,1,M
09:54:28,1933.50,4,M
09:54:28,1933.50,2,M
09:54:28,1933.30,1,M
09:54:28,1933.20,2,B
09:54:28,1933.20,4,B
09:54:28,1933.20,20,B
09:54:28,1933.20,1,B
09:54:28,1933.50,1,M
09:54:28,1933.20,1,B
09:54:27,1933.20,3,B
09:54:27,1933.20,1,B
09:54:27,1933.20,1,B
09:54:27,1933.20,1,B
09:54:27,1933.20,1,B
09:54:27,1933.20,1,B
09:54:27,1933.20,1,B
09:54:27,1933.20,1,B
09:54:27,1933.50,1,B
09:54:27,1933.10,1,B
09:54:27,1933.10,2,B
09:54:27,1933.60,15,M
09:54:27,1933.60,4,M
09:54:27,1933.60,1,M
09:54:27,1933.50,10,M
09:54:27,1933.50,11,M
09:54:27,1933.50,10,M
09:54:27,1933.50,3,M
09:54:27,1933.50,2,M
09:54:27,1933.40,1,M
09:54:27,1933.40,4,M
09:54:27,1933.30,10,M
09:54:26,1933.10,1,B
09:54:26,1933.10,1,B
09:54:26,1933.20,1,M
09:54:26,1933.10,2,B
09:54:26,1933.20,2,B
09:54:26,1933.20,1,B
09:54:26,1933.20,2,B
09:54:25,1933.20,1,B
09:54:25,1933.50,1,M
09:54:25,1933.50,1,M
09:54:25,1933.50,1,M
09:54:25,1933.10,1,B
09:54:25,1933.10,1,B
09:54:24,1933.20,1,B
09:54:24,1933.20,1,B
09:54:24,1933.10,1,B
09:54:24,1933.60,7,M
09:54:24,1933.50,1,M
09:54:24,1933.40,2,M
09:54:24,1933.30,5,M
09:54:24,1933.10,1,B
09:54:24,1933.20,2,B
09:54:24,1933.50,1,B
09:54:23,1933.50,1,M
09:54:23,1933.50,1,M
09:54:23,1933.50,1,M
09:54:23,1933.50,1,M
09:54:23,1933.10,1,B
09:54:23,1933.60,1,M
09:54:23,1933.60,1,M
09:54:23,1933.50,1,M
09:54:23,1933.50,1,M
09:54:23,1933.50,1,M
09:54:23,1933.50,5,M
09:54:23,1933.40,1,M
09:54:23,1933.40,1,M
09:54:23,1933.40,1,M
09:54:23,1933.40,1,M
09:54:23,1933.40,1,M
09:54:23,1933.40,1,M
09:54:23,1933.10,1,B
09:54:23,1933.10,1,B
09:54:23,1933.50,1,M
09:54:23,1933.50,2,M
09:54:23,1933.00,3,B
09:54:23,1933.00,3,B
09:54:23,1933.00,1,B
09:54:23,1933.00,5,B
09:54:23,1933.00,6,B
09:54:23,1933.00,1,B
09:54:23,1933.00,1,B
09:54:23,1933.00,2,B
09:54:23,1933.10,2,B
09:54:23,1933.10,1,B
09:54:23,1933.10,1,B
09:54:23,1933.30,2,B
09:54:22,1933.50,32,M
09:54:22,1933.50,10,M
09:54:22,1933.50,2,M
09:54:22,1933.50,1,M
09:54:22,1933.50,8,M
09:54:22,1933.50,1,M
09:54:22,1933.30,1,M
09:54:22,1933.10,1,B
09:54:22,1933.10,1,B
09:54:22,1933.30,1,M
09:54:22,1933.20,1,M
09:54:21,1933.50,2,M
09:54:21,1933.40,1,M
09:54:21,1933.30,2,B
09:54:20,1933.30,1,B
09:54:20,1933.30,4,B
09:54:20,1933.30,2,B
09:54:19,1933.50,1,M
09:54:19,1933.30,1,B
09:54:19,1933.30,1,B
09:54:19,1933.60,1,M
09:54:19,1933.40,1,M
09:54:19,1933.60,1,M
09:54:19,1933.60,1,M
09:54:19,1933.60,1,M
09:54:19,1933.60,1,M
09:54:19,1933.40,1,M
09:54:19,1933.30,1,B
09:54:19,1933.60,1,M
09:54:19,1933.60,1,M
09:54:18,1933.30,1,B
09:54:18,1933.50,1,M
09:54:18,1933.50,1,M
09:54:18,1933.50,1,M
09:54:18,1933.40,1,M
09:54:17,1933.30,1,B
09:54:17,1933.50,1,M
09:54:17,1933.30,1,B
09:54:17,1933.50,1,M
09:54:17,1933.20,1,B
09:54:17,1933.40,3,M
09:54:17,1933.30,1,M
09:54:17,1933.30,1,M
09:54:16,1933.20,1,B
09:54:16,1933.20,1,B
09:54:16,1933.20,1,B
09:54:16,1933.60,1,M
09:54:16,1932.90,16,B
09:54:16,1933.00,3,B
09:54:16,1933.00,3,B
09:54:16,1933.00,1,B
09:54:16,1933.00,2,B
09:54:16,1933.00,1,B
09:54:16,1933.00,14,B
09:54:16,1933.00,1,B
09:54:16,1933.10,1,B
09:54:16,1933.10,1,B
09:54:16,1933.10,1,B
09:54:16,1933.10,1,B
09:54:16,1933.10,1,B
09:54:16,1933.10,4,B
09:54:16,1933.60,1,M
09:54:16,1933.60,2,M
09:54:16,1933.50,1,M
09:54:16,1933.50,1,M
09:54:16,1933.10,1,B
09:54:16,1933.10,1,B
09:54:16,1933.50,1,M
09:54:16,1933.50,30,M
09:54:16,1933.40,1,M
09:54:16,1933.40,1,M
09:54:16,1933.40,2,M
09:54:15,1933.40,5,M
09:54:15,1933.30,5,M
09:54:15,1933.30,4,M
09:54:15,1933.30,2,M
09:54:14,1933.30,1,M
09:54:14,1933.20,1,B
09:54:14,1933.30,1,M
09:54:14,1933.20,1,M
09:54:14,1933.20,1,M
09:54:14,1933.20,1,M
09:54:14,1933.20,3,M
09:54:14,1933.20,1,M
09:54:14,1933.20,1,M
09:54:14,1933.20,2,M
09:54:13,1933.20,2,M
09:54:13,1933.20,11,M
09:54:13,1933.20,6,M
09:54:13,1933.10,1,B
09:54:13,1933.10,3,B
09:54:13,1933.10,1,B
09:54:13,1933.20,1,B
09:54:13,1933.20,1,B
09:54:13,1933.20,1,B
09:54:13,1933.20,1,B
09:54:12,1933.40,1,M
09:54:12,1933.40,3,M
09:54:12,1933.40,2,M
09:54:12,1933.40,1,M
09:54:12,1933.20,1,B
09:54:12,1933.20,1,B
09:54:12,1933.40,3,M
09:54:11,1933.40,12,M
09:54:11,1933.40,1,M
09:54:11,1933.60,1,M
09:54:11,1933.40,1,B
09:54:11,1933.50,1,B
09:54:11,1933.60,3,M
09:54:11,1933.60,1,M
09:54:11,1933.60,1,M
09:54:11,1933.60,2,M
09:54:11,1933.60,1,M
09:54:11,1933.60,1,M
09:54:11,1933.50,6,M
09:54:11,1933.50,3,M
09:54:11,1933.50,1,M
09:54:11,1933.50,10,M
09:54:11,1933.50,1,M
09:54:11,1933.50,4,M
09:54:11,1933.50,2,M
09:54:11,1933.40,1,B
09:54:11,1933.50,1,M
09:54:10,1933.50,1,M
09:54:10,1933.40,1,B
09:54:10,1933.40,2,B
09:54:10,1933.40,1,B
09:54:10,1933.50,1,M
09:54:10,1933.50,2,M
09:54:10,1933.10,1,B
09:54:10,1933.50,1,M
09:54:10,1933.50,1,M
09:54:10,1933.50,1,M
09:54:10,1933.50,1,M
09:54:10,1933.50,1,M
09:54:10,1933.50,2,M
09:54:10,1933.50,5,M
09:54:10,1933.50,3,M
09:54:10,1933.50,2,M
09:54:10,1933.40,1,M
09:54:10,1933.40,1,M
09:54:10,1933.40,1,M
09:54:10,1933.40,1,M
09:54:10,1933.40,1,M
09:54:10,1933.40,1,M
09:54:10,1933.40,1,M
09:54:10,1933.40,2,M
09:54:10,1933.40,1,M
09:54:10,1933.40,2,M
09:54:10,1933.40,1,M
09:54:10,1933.30,2,M
09:54:10,1933.00,1,M
09:54:10,1933.00,4,M
09:54:10,1933.00,1,M
09:54:10,1933.00,1,B
09:54:10,1933.00,4,B
09:54:10,1933.00,14,B
09:54:10,1933.20,1,M
09:54:10,1933.20,1,B
09:54:10,1933.40,1,M
09:54:10,1933.40,1,M
09:54:10,1933.40,1,M
09:54:09,1933.40,1,M
09:54:09,1933.40,5,M
09:54:09,1933.30,1,M
09:54:09,1933.30,2,M
09:54:09,1933.30,1,M
09:54:09,1933.30,1,M
09:54:09,1933.30,1,M
09:54:09,1933.20,1,M
09:54:09,1933.20,1,M
09:54:09,1933.20,1,M
09:54:09,1933.20,3,M
09:54:09,1933.10,1,M
09:54:09,1933.10,1,M
09:54:09,1933.00,10,M
09:54:09,1933.00,1,M
09:54:09,1933.00,1,M
09:54:09,1933.00,4,M
09:54:09,1933.00,6,M
09:54:09,1933.00,1,M
09:54:09,1933.00,1,M
09:54:09,1933.00,1,M
09:54:09,1933.00,1,M
09:54:09,1933.00,3,M
09:54:09,1933.00,2,M
09:54:09,1933.00,3,M
09:54:09,1933.00,5,M
09:54:09,1933.00,7,M
09:54:09,1933.00,3,M
09:54:09,1933.00,10,M
09:54:09,1933.00,3,M
09:54:09,1933.00,2,M
09:54:09,1933.00,3,M
09:54:09,1933.00,2,M
09:54:09,1933.00,1,M
09:54:09,1933.00,6,M
09:54:09,1933.00,1,M
09:54:09,1932.90,1,B
09:54:09,1933.00,1,M
09:54:09,1933.00,1,M
09:54:09,1933.00,4,M
09:54:09,1933.00,1,M
09:54:09,1933.00,1,M
09:54:09,1933.00,3,M
09:54:09,1933.00,1,M
09:54:09,1933.00,1,M
09:54:09,1933.00,1,M
09:54:09,1933.00,1,M
09:54:09,1933.00,1,M
09:54:09,1933.00,2,M
09:54:09,1932.90,1,B
09:54:09,1933.00,1,M
09:54:09,1933.00,4,M
09:54:09,1933.00,1,M
09:54:09,1933.00,2,M
09:54:09,1933.00,1,M
09:54:09,1933.00,1,M
09:54:09,1933.00,2,M
09:54:09,1933.00,1,M
09:54:09,1933.00,1,M
09:54:09,1933.00,1,M
09:54:09,1933.00,1,M
09:54:09,1933.00,1,M
09:54:09,1933.00,2,M
09:54:09,1933.00,1,M
09:54:08,1933.00,1,M
09:54:08,1933.00,1,M
09:54:08,1933.00,1,M
09:54:08,1933.00,2,M
09:54:08,1933.00,1,M
09:54:08,1933.00,1,M
09:54:08,1933.00,3,M
09:54:08,1933.00,1,M
09:54:08,1933.00,1,M
09:54:08,1933.00,2,M
09:54:08,1933.00,1,M
09:54:08,1933.00,2,M
09:54:08,1933.00,1,M
09:54:08,1932.90,1,B
09:54:08,1933.00,1,M
09:54:08,1933.00,1,M
09:54:08,1933.00,1,M
09:54:08,1933.00,2,M
09:54:08,1933.00,1,M
09:54:08,1933.00,6,M
09:54:08,1933.00,5,M
09:54:08,1933.00,2,M
09:54:08,1933.00,1,M
09:54:08,1933.00,1,M
09:54:08,1932.90,1,B
09:54:08,1932.90,1,B
09:54:08,1932.90,2,B
09:54:08,1932.90,3,B
09:54:08,1932.90,1,M
09:54:08,1932.90,9,M
09:54:08,1932.80,1,B
09:54:08,1932.90,1,M
09:54:08,1932.90,1,M
09:54:08,1932.90,1,M
09:54:07,1932.90,1,M
09:54:07,1932.90,1,M
09:54:07,1932.90,2,M
09:54:07,1932.90,1,M
09:54:07,1932.90,1,M
09:54:07,1932.90,4,M
09:54:07,1932.70,1,B
09:54:07,1932.80,1,B
09:54:07,1932.90,10,M
09:54:07,1932.90,1,M
09:54:07,1932.90,2,M
09:54:06,1932.80,1,B
09:54:06,1932.90,1,M
09:54:06,1932.90,1,M
09:54:06,1932.80,1,B
09:54:05,1932.80,1,B
09:54:05,1932.90,1,M
09:54:05,1932.90,1,M
09:54:05,1932.70,5,B
09:54:05,1932.80,3,B
09:54:05,1932.80,2,B
09:54:04,1932.80,1,B
09:54:04,1932.80,5,B
09:54:04,1932.80,1,B
09:54:04,1932.90,1,M
09:54:04,1932.80,1,B
09:54:03,1932.90,2,M
09:54:03,1932.90,4,M
09:54:02,1932.80,1,B
09:54:02,1932.90,1,M
09:54:01,1932.80,1,B
09:54:01,1932.90,1,M
09:54:01,1932.90,1,M
09:54:01,1932.90,1,M
09:54:01,1932.90,1,M
09:54:01,1932.90,1,M
09:54:01,1932.90,1,M
09:54:01,1932.90,1,M
09:54:01,1932.90,1,M
09:54:01,1932.90,3,M
09:54:01,1932.90,1,M
09:54:01,1932.90,1,M
09:54:01,1932.70,2,B
09:54:00,1932.90,1,M
09:54:00,1932.90,5,M
09:54:00,1932.90,3,M
09:54:00,1932.90,2,M
09:54:00,1932.90,3,M
09:54:00,1932.90,3,M
09:54:00,1932.90,2,M
09:54:00,1932.90,1,M
09:54:00,1932.90,1,M
09:54:00,1932.70,4,B
09:54:00,1932.90,1,M
09:54:00,1932.90,1,M
09:54:00,1932.70,2,B
09:54:00,1932.80,2,B
09:54:00,1932.80,1,B
09:54:00,1932.80,1,M
09:54:00,1932.80,1,M
09:54:00,1932.80,1,M
09:54:00,1932.70,1,B
09:54:00,1932.80,1,M
09:54:00,1932.80,1,M
09:54:00,1932.70,1,B
09:54:00,1932.70,1,M
09:54:00,1932.70,1,M
09:54:00,1932.70,1,M
09:54:00,1932.70,1,M
09:54:00,1932.70,2,M
09:53:59,1932.70,1,M
09:53:59,1932.70,10,M
09:53:59,1932.60,1,B
09:53:59,1932.60,1,B
09:53:58,1932.70,1,M
09:53:58,1932.70,2,M
09:53:58,1932.70,2,M
09:53:58,1932.60,1,B
09:53:58,1932.70,1,M
09:53:58,1932.70,4,M
09:53:58,1932.60,1,B
09:53:57,1932.60,11,B
09:53:57,1932.60,1,B
09:53:57,1932.60,3,B
09:53:57,1932.70,2,M
09:53:57,1932.60,1,B
09:53:56,1932.70,1,M
09:53:56,1932.70,1,M
09:53:56,1932.70,4,M
09:53:56,1932.60,3,B
09:53:55,1932.70,1,M
09:53:55,1932.70,1,M
09:53:55,1932.60,1,B
09:53:55,1932.60,1,B
09:53:55,1932.60,1,B
09:53:55,1932.70,1,M
09:53:55,1932.60,12,B
09:53:55,1932.70,2,M
09:53:55,1932.60,1,B
09:53:55,1932.60,1,B
09:53:55,1932.70,1,M
09:53:55,1932.70,2,M
09:53:54,1932.70,1,M
09:53:54,1932.60,1,B
09:53:54,1932.80,1,M
09:53:54,1932.80,1,M
09:53:54,1932.80,3,M
09:53:54,1932.80,1,M
09:53:54,1932.80,4,M
09:53:53,1932.80,1,M
09:53:53,1932.80,1,M
09:53:53,1932.80,1,M
09:53:53,1932.80,1,M
09:53:53,1932.80,1,M
09:53:53,1932.80,1,M
09:53:53,1932.80,1,M
09:53:53,1932.80,30,M
09:53:53,1932.80,30,M
09:53:53,1932.80,8,M
09:53:53,1932.60,1,M
09:53:53,1932.80,1,M
09:53:52,1932.70,1,M
09:53:52,1932.50,1,B
09:53:52,1932.60,2,B
09:53:52,1932.60,1,M
09:53:52,1932.60,3,M
09:53:52,1932.80,1,M
09:53:52,1932.50,1,M
09:53:52,1932.50,2,B
09:53:52,1932.80,2,M
09:53:52,1932.70,5,M
09:53:52,1932.70,1,M
09:53:52,1932.70,2,M
09:53:52,1932.70,10,M
09:53:51,1932.70,2,M
09:53:51,1932.70,1,M
09:53:51,1932.60,1,M
09:53:51,1932.60,1,M
09:53:51,1932.60,1,M
09:53:51,1932.60,1,M
09:53:51,1932.60,1,M
09:53:51,1932.60,1,M
09:53:51,1932.60,1,M
09:53:50,1932.60,1,M
09:53:50,1932.60,2,M
09:53:50,1932.60,1,M
09:53:50,1932.50,10,M
09:53:50,1932.50,3,M
09:53:50,1932.50,2,M
09:53:50,1932.50,4,M
09:53:49,1932.50,2,M
09:53:49,1932.50,4,M
09:53:49,1932.60,1,M
09:53:49,1932.30,1,B
09:53:49,1932.60,2,M
09:53:49,1932.60,1,M
09:53:49,1932.50,1,M
09:53:49,1932.40,1,M
09:53:49,1932.40,1,M
09:53:47,1932.60,1,M
09:53:47,1932.20,1,B
09:53:47,1932.20,1,B
09:53:47,1932.20,2,B
09:53:46,1932.60,9,M
09:53:46,1932.50,1,M
09:53:46,1932.50,1,M
09:53:46,1932.50,1,M
09:53:46,1932.50,1,M
09:53:46,1932.50,1,M
09:53:46,1932.50,1,M
09:53:46,1932.50,10,M
09:53:46,1932.50,1,M
09:53:46,1932.50,3,M
09:53:46,1932.40,1,M
09:53:46,1932.50,1,M
09:53:46,1932.50,1,M
09:53:46,1932.50,1,M
09:53:46,1932.50,1,M
09:53:46,1932.40,1,M
09:53:46,1932.50,4,M
09:53:46,1932.50,2,M
09:53:46,1932.50,1,M
09:53:46,1932.40,1,M
09:53:46,1932.40,1,M
09:53:46,1932.40,1,M
09:53:46,1932.40,5,M
09:53:46,1932.40,1,M
09:53:46,1932.40,1,M
09:53:46,1932.40,10,M
09:53:46,1932.30,1,M
09:53:46,1932.30,1,M
09:53:46,1932.30,1,M
09:53:46,1932.30,2,M
09:53:46,1932.30,6,M
09:53:46,1932.30,1,M
09:53:46,1932.30,1,M
09:53:45,1932.20,4,B
09:53:45,1932.20,1,B
09:53:45,1932.20,1,B
09:53:45,1932.30,1,M
09:53:45,1932.20,10,B
09:53:44,1932.20,1,M
09:53:44,1932.10,3,B
09:53:44,1932.10,1,B
09:53:44,1932.10,1,B
09:53:44,1932.20,1,M
09:53:44,1932.10,1,B
09:53:44,1932.10,5,B
09:53:44,1932.10,1,B
09:53:44,1932.00,2,B
09:53:43,1932.10,1,M
09:53:43,1932.30,1,M
09:53:43,1932.30,1,M
09:53:43,1932.30,3,M
09:53:43,1932.20,1,M
09:53:43,1932.20,10,M
09:53:43,1932.20,1,M
09:53:43,1932.20,1,M
09:53:43,1932.20,1,M
09:53:43,1932.20,1,M
09:53:43,1932.10,1,M
09:53:43,1932.10,1,M
09:53:43,1932.10,3,M
09:53:43,1932.10,2,M
09:53:43,1932.10,2,M
09:53:42,1932.10,1,M
09:53:42,1932.00,2,B
09:53:42,1932.10,1,M
09:53:42,1932.10,1,M
09:53:42,1932.10,1,M
09:53:42,1932.10,1,M
09:53:42,1932.00,1,B
09:53:41,1932.10,2,B
09:53:41,1932.10,6,B
09:53:41,1932.20,2,M
09:53:41,1932.20,1,M
09:53:40,1932.10,1,B
09:53:40,1932.10,1,B
09:53:40,1932.20,2,M
09:53:40,1932.20,1,M
09:53:40,1932.20,1,M
09:53:40,1932.20,1,M
09:53:40,1932.20,1,M
09:53:40,1932.20,1,M
09:53:40,1932.20,1,M
09:53:40,1932.20,2,M
09:53:40,1932.10,3,B
09:53:39,1932.00,1,M
09:53:39,1931.80,1,B
09:53:39,1932.00,1,M
09:53:38,1932.20,1,M
09:53:38,1932.10,1,M
09:53:38,1931.80,11,B
09:53:38,1931.90,1,B
09:53:38,1932.10,1,M
09:53:38,1932.00,1,M
09:53:38,1932.00,1,M
09:53:38,1932.00,1,M
09:53:38,1932.00,1,M
09:53:38,1932.00,1,M
09:53:38,1932.00,5,M
09:53:38,1931.80,2,B
09:53:38,1932.00,1,M
09:53:37,1932.00,1,M
09:53:37,1932.00,29,M
09:53:37,1931.80,1,B
09:53:37,1931.80,3,B
09:53:37,1932.00,4,M
09:53:37,1931.90,1,M
09:53:36,1931.80,2,M
09:53:36,1931.80,1,M
09:53:36,1931.80,1,M
09:53:36,1931.80,9,M
09:53:36,1931.50,1,M
09:53:36,1931.50,1,M
09:53:36,1931.50,2,B
09:53:36,1931.50,1,B
09:53:36,1931.50,5,B
09:53:35,1931.50,3,B
09:53:35,1931.60,1,B
09:53:35,1931.60,1,B
09:53:35,1931.80,1,M
09:53:34,1932.00,17,M
09:53:34,1932.00,20,M
09:53:34,1932.00,2,M
09:53:34,1932.00,5,M
09:53:34,1932.00,5,M
09:53:34,1932.00,1,M
09:53:34,1932.00,2,M
09:53:34,1932.00,10,M
09:53:34,1932.00,1,M
09:53:34,1932.00,1,M
09:53:34,1932.00,1,M
09:53:34,1932.00,1,M
09:53:34,1932.00,1,M
09:53:34,1932.00,1,M
09:53:34,1932.00,11,M
09:53:34,1931.90,2,M
09:53:34,1931.90,4,M
09:53:34,1931.90,5,M
09:53:34,1931.90,1,M
09:53:34,1931.90,1,M
09:53:34,1931.90,1,M
09:53:34,1931.80,1,M
09:53:34,1931.80,1,M
09:53:34,1931.80,1,M
09:53:34,1931.80,1,M
09:53:34,1931.60,3,M
09:53:34,1931.50,2,B
09:53:34,1931.60,1,B
09:53:34,1931.70,1,B
09:53:33,1931.90,1,M
09:53:33,1931.80,1,B
09:53:33,1931.80,1,B
09:53:33,1931.80,1,B
09:53:33,1931.80,12,B
09:53:33,1931.80,1,B
09:53:33,1931.90,1,M
09:53:33,1931.90,1,M
09:53:33,1931.90,1,M
09:53:33,1931.80,41,B
09:53:33,1931.80,1,B
09:53:32,1931.80,1,B
09:53:32,1931.80,7,B
09:53:32,1931.80,1,B
09:53:32,1931.80,7,B
09:53:31,1931.80,1,B
09:53:31,1931.80,1,B
09:53:31,1931.80,1,B
09:53:30,1931.90,1,M
09:53:30,1931.80,3,M
09:53:30,1931.60,3,M
09:53:30,1931.60,1,M
09:53:30,1931.80,2,M
09:53:30,1931.50,1,B
09:53:29,1931.50,1,B
09:53:29,1931.90,2,M
09:53:29,1931.60,1,M
09:53:28,1931.60,2,B
09:53:28,1931.60,1,B
09:53:28,1931.60,1,B
09:53:28,1931.90,2,B
09:53:28,1931.90,1,M
09:53:27,1931.90,1,M
09:53:27,1931.90,1,M
09:53:27,1931.50,1,B
09:53:27,1931.50,2,B
09:53:27,1931.60,1,B
09:53:27,1931.90,1,M
09:53:27,1931.90,1,M
09:53:27,1931.90,2,M
09:53:27,1931.90,1,M
09:53:27,1931.90,2,M
09:53:27,1931.90,1,M
09:53:26,1931.60,1,B
09:53:26,1931.60,1,B
09:53:25,1931.90,20,M
09:53:25,1931.60,1,B
09:53:25,1931.70,1,B
09:53:25,1931.70,1,B
09:53:25,1931.90,1,M
09:53:25,1931.90,1,M
09:53:25,1931.70,1,B
09:53:25,1931.90,1,M
09:53:24,1931.90,1,M
09:53:24,1932.00,27,B
09:53:24,1932.00,1,B
09:53:24,1932.00,1,B
09:53:24,1932.00,1,B
09:53:24,1932.00,1,M
09:53:24,1932.00,1,M
09:53:24,1932.00,1,M
09:53:24,1932.00,2,M
09:53:24,1932.00,1,M
09:53:24,1932.00,10,M
09:53:24,1932.00,1,M
09:53:24,1932.00,2,M
09:53:24,1932.00,1,M
09:53:24,1932.00,1,M
09:53:24,1932.00,6,M
09:53:24,1932.00,37,M
09:53:24,1931.90,22,M
09:53:24,1931.80,1,M
09:53:24,1931.80,1,M
09:53:24,1931.80,1,M
09:53:24,1931.80,1,M
09:53:24,1931.80,1,M
09:53:24,1931.80,2,M
09:53:24,1931.70,2,M
09:53:23,1931.80,1,M
09:53:23,1931.80,1,M
09:53:23,1931.80,1,M
09:53:23,1931.80,1,M
09:53:23,1931.80,1,M
09:53:23,1931.80,1,M
09:53:23,1931.80,2,M
09:53:23,1931.70,2,M
09:53:23,1931.90,1,M
09:53:23,1931.30,5,B
09:53:23,1931.30,1,B
09:53:23,1931.30,1,B
09:53:23,1931.30,2,B
09:53:23,1931.30,6,B
09:53:23,1931.30,10,B
09:53:23,1931.40,2,B
09:53:23,1931.40,1,B
09:53:23,1931.40,1,B
09:53:23,1931.40,1,B
09:53:23,1931.50,4,B
09:53:23,1931.50,1,B
09:53:23,1931.50,1,B
09:53:23,1931.50,3,B
09:53:23,1931.50,4,B
09:53:23,1931.60,8,B
09:53:23,1931.60,1,B
09:53:23,1931.60,2,B
09:53:23,1931.70,1,B
09:53:23,1931.70,1,B
09:53:23,1931.90,2,M
09:53:22,1931.70,1,B
09:53:22,1931.70,1,B
09:53:22,1931.70,1,B
09:53:22,1931.70,1,B
09:53:22,1931.70,5,B
09:53:22,1931.90,2,M
09:53:22,1932.00,8,M
09:53:22,1931.90,2,B
09:53:22,1931.70,1,B
09:53:22,1932.00,1,M
09:53:21,1931.70,1,B
09:53:21,1931.70,1,B
09:53:21,1931.70,1,B
09:53:21,1931.70,1,B
09:53:21,1931.70,1,B
09:53:20,1932.00,1,M
09:53:20,1932.00,46,M
09:53:20,1931.90,20,M
09:53:20,1931.90,6,M
09:53:19,1931.70,1,B
09:53:19,1931.70,1,B
09:53:18,1931.70,2,B
09:53:18,1932.00,1,M
09:53:17,1932.00,1,M
09:53:17,1931.70,1,B
09:53:17,1931.70,1,B
09:53:17,1931.70,1,B
09:53:17,1932.00,12,M
09:53:17,1931.90,1,M
09:53:17,1931.90,1,M
09:53:17,1931.80,2,M
09:53:17,1931.80,2,B
09:53:17,1931.80,2,B
09:53:17,1932.00,2,M
09:53:17,1931.80,1,B
09:53:17,1931.80,4,B
09:53:17,1932.00,1,B
09:53:17,1932.00,2,B
09:53:17,1932.00,21,B
09:53:17,1932.00,1,B
09:53:17,1932.00,1,B
09:53:17,1932.10,1,B
09:53:17,1932.10,4,B
09:53:16,1932.10,1,B
09:53:16,1932.10,4,B
09:53:16,1932.10,1,B
09:53:16,1932.10,1,B
09:53:16,1932.10,1,B
09:53:15,1932.10,1,B
09:53:15,1932.20,1,M
09:53:15,1932.00,1,B
09:53:15,1932.10,19,B
09:53:14,1932.10,1,B
09:53:14,1932.20,1,M
09:53:14,1932.20,1,M
09:53:14,1932.30,1,M
09:53:14,1932.10,2,B
09:53:14,1932.10,1,B
09:53:14,1932.10,20,B
09:53:13,1932.10,3,B
09:53:13,1932.10,1,B
09:53:13,1932.30,2,M
09:53:13,1932.30,5,M
09:53:13,1932.20,2,M
09:53:13,1932.20,2,M
09:53:13,1932.10,1,B
09:53:13,1932.10,3,B
09:53:13,1932.10,1,B
09:53:13,1932.20,2,M
09:53:13,1932.20,1,M
09:53:13,1932.20,1,M
09:53:13,1932.20,1,M
09:53:13,1932.20,1,M
09:53:13,1932.10,1,B
09:53:13,1932.10,2,B
09:53:13,1932.10,1,B
09:53:12,1932.10,1,B
09:53:12,1932.10,6,B
09:53:12,1932.10,3,M
09:53:12,1932.10,1,M
09:53:12,1932.10,1,M
09:53:12,1932.00,1,M
09:53:12,1932.00,7,M
09:53:12,1931.90,1,M
09:53:12,1932.00,2,M
09:53:12,1931.90,1,M
09:53:12,1931.80,1,B
09:53:12,1931.90,1,B
09:53:12,1932.00,1,M
09:53:12,1932.00,1,M
09:53:11,1931.90,1,B
09:53:11,1931.90,1,B
09:53:11,1932.10,1,M
09:53:11,1932.00,1,M
09:53:10,1932.10,2,B
09:53:10,1932.20,5,M
09:53:10,1932.10,1,M
09:53:10,1932.00,1,M
09:53:10,1932.00,2,M
09:53:10,1932.00,2,M
09:53:10,1931.90,1,B
09:53:10,1932.00,5,M
09:53:10,1932.00,1,M
09:53:09,1932.00,2,M
09:53:09,1932.20,2,M
09:53:09,1931.90,4,B
09:53:09,1932.00,1,B
09:53:09,1932.30,1,M
09:53:09,1931.90,14,B
09:53:09,1932.10,1,B
09:53:09,1931.90,1,B
09:53:08,1932.10,1,B
09:53:08,1932.20,13,B
09:53:08,1932.20,1,M
09:53:08,1932.20,1,M
09:53:08,1932.00,1,M
09:53:08,1932.20,5,M
09:53:08,1931.90,12,B
09:53:08,1932.00,1,B
09:53:08,1932.00,2,B
09:53:08,1932.00,1,B
09:53:08,1932.00,1,B
09:53:08,1932.00,3,B
09:53:08,1932.00,4,B
09:53:08,1932.10,1,M
09:53:08,1932.20,2,M
09:53:08,1932.20,10,M
09:53:08,1932.20,3,M
09:53:08,1932.10,1,M
09:53:07,1932.00,2,B
09:53:07,1932.20,1,M
09:53:07,1932.00,1,B
09:53:07,1932.00,1,B
09:53:07,1932.10,6,B
09:53:07,1932.10,1,B
09:53:07,1932.10,1,B
09:53:06,1932.30,1,M
09:53:06,1932.30,1,M
09:53:06,1932.30,3,M
09:53:06,1932.10,18,B
09:53:06,1932.10,2,B
09:53:06,1932.30,1,M
09:53:06,1932.30,4,M
09:53:06,1932.30,5,M
09:53:06,1932.10,2,B
09:53:06,1932.30,1,M
09:53:05,1932.20,1,M
09:53:05,1932.10,2,B
09:53:05,1932.10,1,B
09:53:05,1932.10,1,B
09:53:05,1932.10,1,B
09:53:05,1932.30,1,M
09:53:05,1932.20,10,B
09:53:05,1932.20,1,B
09:53:05,1932.20,1,B
09:53:05,1932.30,7,M
09:53:05,1932.40,1,M
09:53:05,1932.30,1,M
09:53:05,1932.30,1,M
09:53:04,1932.20,1,B
09:53:04,1932.70,1,M
09:53:04,1932.10,1,M
09:53:04,1932.70,1,M
09:53:04,1932.60,1,M
09:53:04,1932.60,1,M
09:53:04,1932.00,1,B
09:53:04,1932.00,12,B
09:53:04,1932.10,2,B
09:53:04,1932.10,1,B
09:53:04,1932.10,2,B
09:53:04,1932.20,1,B
09:53:04,1932.20,1,B
09:53:04,1932.20,1,B
09:53:04,1932.20,1,B
09:53:04,1932.20,1,B
09:53:04,1932.30,1,B
09:53:04,1932.50,1,B
09:53:04,1932.60,1,M
09:53:04,1932.60,1,M
09:53:04,1932.30,1,M
09:53:04,1932.30,10,M
09:53:04,1932.30,1,M
09:53:04,1932.20,1,B
09:53:04,1932.30,4,M
09:53:04,1932.20,2,B
09:53:03,1932.30,1,M
09:53:03,1932.30,1,M
09:53:03,1932.30,1,M
09:53:03,1932.30,5,M
09:53:03,1932.30,2,M
09:53:03,1932.30,3,M
09:53:03,1932.30,2,M
09:53:03,1932.70,2,M
09:53:03,1932.70,1,M
09:53:03,1932.70,1,M
09:53:03,1932.60,1,M
09:53:03,1932.60,1,M
09:53:03,1932.60,1,M
09:53:03,1932.50,1,M
09:53:03,1932.50,1,M
09:53:03,1932.40,2,M
09:53:03,1932.10,1,B
09:53:03,1932.30,2,B
09:53:03,1932.40,1,M
09:53:03,1932.10,1,B
09:53:03,1932.10,1,B
09:53:03,1931.90,20,B
09:53:03,1932.00,1,B
09:53:03,1932.00,1,B
09:53:03,1932.00,1,B
09:53:03,1932.10,1,B
09:53:03,1932.10,1,B
09:53:03,1932.10,1,B
09:53:03,1932.10,1,B
09:53:03,1932.10,1,B
09:53:03,1932.10,2,B
09:53:03,1932.10,4,B
09:53:03,1932.20,1,B
09:53:03,1932.20,1,B
09:53:03,1932.30,1,B
09:53:03,1932.30,3,B
09:53:03,1932.60,1,M
09:53:03,1932.60,1,M
09:53:03,1932.20,1,B
09:53:03,1932.80,3,M
09:53:03,1932.80,1,M
09:53:03,1932.70,2,M
09:53:03,1932.70,2,M
09:53:03,1932.70,1,M
09:53:03,1932.70,1,M
09:53:03,1932.70,1,M
09:53:03,1932.70,2,M
09:53:03,1932.60,30,M
09:53:03,1932.60,3,M
09:53:03,1932.60,4,M
09:53:03,1932.20,1,B
09:53:03,1932.20,1,B
09:53:03,1932.40,1,B
09:53:03,1932.50,2,B
09:53:03,1932.60,1,M
09:53:03,1932.60,1,M
09:53:03,1932.50,1,B
09:53:03,1932.60,2,M
09:53:03,1932.50,1,B
09:53:03,1932.60,1,M
09:53:03,1932.60,9,M
09:53:03,1932.50,1,B
09:53:03,1932.60,1,M
09:53:03,1932.60,1,M
09:53:03,1932.50,1,B
09:53:03,1932.60,1,M
09:53:03,1932.50,1,M
09:53:03,1932.50,1,M
09:53:03,1932.30,1,M
09:53:03,1932.10,1,B
09:53:03,1932.50,1,M
09:53:03,1932.50,1,M
09:53:03,1932.50,8,M
09:53:03,1932.50,4,M
09:53:03,1932.50,2,M
09:53:03,1932.50,2,M
09:53:03,1932.50,4,M
09:53:03,1932.50,6,M
09:53:03,1932.40,1,M
09:53:03,1932.20,1,M
09:53:03,1932.10,1,B
09:53:03,1932.30,1,B
09:53:03,1932.50,1,M
09:53:03,1932.50,1,M
09:53:03,1932.50,4,M
09:53:03,1932.50,1,M
09:53:03,1932.00,1,B
09:53:03,1932.10,1,B
09:53:03,1932.20,1,B
09:53:03,1932.20,1,B
09:53:02,1932.50,2,M
09:53:02,1932.50,1,M
09:53:02,1932.50,2,M
09:53:02,1932.50,1,M
09:53:02,1932.50,1,M
09:53:02,1932.50,1,M
09:53:02,1932.40,1,M
09:53:02,1932.40,1,M
09:53:02,1932.40,1,M
09:53:02,1932.40,1,M
09:53:02,1932.40,1,M
09:53:02,1932.40,1,M
09:53:02,1932.20,2,B
09:53:02,1932.40,2,M
09:53:02,1932.40,5,M
09:53:02,1932.40,1,M
09:53:02,1932.40,1,M
09:53:02,1932.30,2,M
09:53:02,1932.30,1,M
09:53:02,1932.30,1,M
09:53:02,1932.30,1,M
09:53:02,1932.30,1,M
09:53:02,1932.10,1,B
09:53:02,1932.30,1,M
09:53:02,1932.30,1,M
09:53:02,1932.30,1,M
09:53:02,1932.30,3,M
09:53:02,1932.30,1,M
09:53:02,1932.30,20,M
09:53:02,1932.20,1,M
09:53:02,1932.20,1,M
09:53:02,1932.20,1,M
09:53:02,1932.20,1,M
09:53:02,1932.20,1,M
09:53:02,1932.20,3,M
09:53:02,1932.20,3,M
09:53:02,1932.20,2,M
09:53:02,1932.10,2,M
09:53:02,1932.10,1,M
09:53:02,1932.10,1,M
09:53:02,1932.00,1,M
09:53:02,1932.00,1,M
09:53:02,1932.00,1,M
09:53:02,1932.00,1,M
09:53:02,1932.00,1,M
09:53:02,1932.00,1,M
09:53:02,1932.00,1,M
09:53:02,1932.00,1,M
09:53:02,1932.00,1,M
09:53:02,1932.00,1,M
09:53:02,1932.00,1,M
09:53:02,1932.00,1,M
09:53:02,1932.00,1,M
09:53:02,1932.00,1,M
09:53:02,1932.00,1,M
09:53:02,1932.00,1,M
09:53:02,1932.00,5,M
09:53:02,1932.00,2,M
09:53:02,1932.00,2,M
09:53:02,1932.00,4,M
09:53:02,1932.00,1,M
09:53:02,1932.00,2,M
09:53:02,1932.00,1,M
09:53:02,1931.90,1,B
09:53:02,1931.90,2,B
09:53:02,1931.90,1,B
09:53:02,1931.90,1,B
09:53:02,1931.90,1,B
09:53:02,1932.00,1,M
09:53:02,1931.90,1,B
09:53:02,1931.90,2,B
09:53:02,1931.90,2,B
09:53:02,1931.90,1,B
09:53:02,1931.90,1,B
09:53:02,1932.00,1,M
09:53:01,1932.00,1,M
09:53:01,1931.90,3,B
09:53:01,1932.00,1,M
09:53:01,1932.00,1,M
09:53:01,1932.00,2,M
09:53:01,1932.00,1,M
09:53:01,1931.90,1,M
09:53:01,1931.90,1,M
09:53:01,1931.80,1,B
09:53:01,1932.00,3,M
09:53:01,1932.00,1,M
09:53:01,1932.00,1,M
09:53:01,1932.00,20,M
09:53:00,1932.00,2,M
09:53:00,1932.00,1,M
09:53:00,1932.00,1,M
09:53:00,1931.80,1,B
09:53:00,1931.90,1,B
09:53:00,1932.00,1,M
09:53:00,1931.90,1,B
09:53:00,1932.00,4,M
09:53:00,1931.90,1,B
09:53:00,1932.00,1,M
09:53:00,1932.00,10,M
09:53:00,1932.00,29,M
09:53:00,1931.90,1,M
09:53:00,1932.00,1,M
09:53:00,1931.70,8,B
09:53:00,1931.80,2,B
09:53:00,1932.00,14,M
09:53:00,1932.00,10,M
09:53:00,1932.00,1,M
09:53:00,1932.00,1,M
09:53:00,1932.00,4,M
09:53:00,1932.00,1,M
09:53:00,1932.00,1,M
09:53:00,1931.70,1,B
09:52:59,1932.00,1,M
09:52:59,1932.00,1,M
09:52:59,1932.00,5,M
09:52:59,1932.00,1,M
09:52:59,1932.00,1,M
09:52:59,1932.00,1,M
09:52:59,1932.00,5,M
09:52:59,1932.00,1,M
09:52:59,1932.00,2,M
09:52:59,1932.00,5,M
09:52:59,1932.00,1,M
09:52:59,1932.00,1,M
09:52:59,1932.00,2,M
09:52:59,1932.00,1,M
09:52:59,1932.00,2,M
09:52:59,1932.00,1,M
09:52:59,1932.00,1,M
09:52:59,1932.00,1,M
09:52:59,1932.00,1,M
09:52:59,1932.00,1,M
09:52:59,1932.00,1,M
09:52:59,1932.00,2,M
09:52:59,1932.00,2,M
09:52:59,1932.00,1,M
09:52:59,1932.00,2,M
09:52:59,1932.00,1,M
09:52:59,1932.00,4,M
09:52:59,1932.00,1,M
09:52:59,1932.00,16,M
09:52:59,1931.80,1,M
09:52:59,1932.00,1,M
09:52:59,1932.00,1,M
09:52:59,1932.00,1,M
09:52:59,1932.00,2,M
09:52:59,1932.00,3,M
09:52:59,1932.00,1,M
09:52:59,1932.00,1,M
09:52:59,1932.00,1,M
09:52:59,1932.00,1,M
09:52:59,1932.00,2,M
09:52:59,1932.00,5,M
09:52:59,1932.00,1,M
09:52:59,1932.00,5,M
09:52:59,1932.00,5,M
09:52:59,1932.00,1,M
09:52:59,1932.00,28,M
09:52:59,1932.00,2,M
09:52:59,1932.00,1,M
09:52:59,1932.00,5,M
09:52:59,1932.00,1,M
09:52:59,1932.00,1,M
09:52:59,1932.00,1,M
09:52:59,1932.00,10,M
09:52:59,1932.00,1,M
09:52:59,1932.00,5,M
09:52:59,1932.00,10,M
09:52:59,1932.00,3,M
09:52:59,1932.00,2,M
09:52:59,1932.00,1,M
09:52:59,1932.00,1,M
09:52:59,1932.00,1,M
09:52:59,1932.00,1,M
09:52:59,1932.00,2,M
09:52:59,1932.00,1,M
09:52:59,1932.00,1,M
09:52:59,1932.00,1,M
09:52:59,1932.00,1,M
09:52:59,1932.00,4,M
09:52:59,1932.00,3,M
09:52:59,1932.00,1,M
09:52:59,1932.00,1,M
09:52:59,1932.00,2,M
09:52:59,1931.90,1,M
09:52:59,1931.90,1,M
09:52:59,1931.90,1,M
09:52:59,1931.90,4,M
09:52:59,1931.70,1,B
09:52:59,1931.90,1,M
09:52:59,1931.90,1,M
09:52:59,1931.90,1,M
09:52:58,1931.90,1,M
09:52:58,1931.80,4,M
09:52:58,1931.80,1,M
09:52:58,1931.80,1,M
09:52:58,1931.80,2,M
09:52:58,1931.60,1,B
09:52:58,1931.80,2,M
09:52:58,1931.60,1,M
09:52:58,1931.50,1,M
09:52:58,1931.50,1,B
09:52:57,1931.90,3,M
09:52:57,1931.90,7,M
09:52:57,1931.80,1,M
09:52:57,1931.60,2,B
09:52:57,1931.60,5,B
09:52:57,1931.60,1,B
09:52:57,1931.90,10,M
09:52:57,1931.90,2,M
09:52:57,1931.90,1,M
09:52:57,1931.90,1,M
09:52:57,1931.90,1,M
09:52:57,1931.90,2,M
09:52:57,1931.90,1,M
09:52:57,1931.90,1,M
09:52:57,1931.90,2,M
09:52:57,1931.90,3,M
09:52:57,1931.90,5,M
09:52:57,1931.90,1,M
09:52:57,1931.90,50,M
09:52:57,1931.90,1,M
09:52:57,1931.90,1,M
09:52:57,1931.90,2,M
09:52:57,1931.90,10,M
09:52:57,1931.90,2,M
09:52:57,1931.90,1,M
09:52:57,1931.80,1,M
09:52:57,1931.80,2,M
09:52:57,1931.60,2,B
09:52:57,1931.70,1,M
09:52:57,1931.80,5,M
09:52:57,1931.80,2,M
09:52:56,1931.80,1,M
09:52:56,1931.80,1,M
09:52:56,1931.80,1,M
09:52:56,1931.80,1,M
09:52:56,1931.80,1,M
09:52:56,1931.80,1,M
09:52:56,1931.80,2,M
09:52:56,1931.80,1,M
09:52:56,1931.80,3,M
09:52:56,1931.60,1,B
09:52:56,1931.80,1,M
09:52:56,1931.60,1,B
09:52:56,1931.60,1,B
09:52:56,1931.60,1,B
09:52:56,1931.60,1,B
09:52:56,1931.60,1,B
09:52:56,1931.60,1,B
09:52:56,1931.80,1,M
09:52:56,1931.80,1,M
09:52:56,1931.80,1,M
09:52:56,1931.70,2,M
09:52:56,1931.70,2,M
09:52:56,1931.70,4,M
09:52:56,1931.70,2,M
09:52:56,1931.70,1,M
09:52:56,1931.70,5,M
09:52:56,1931.70,1,M
09:52:56,1931.70,2,M
09:52:56,1931.70,1,M
09:52:55,1931.60,1,B
09:52:55,1931.60,10,B
09:52:55,1931.60,10,B
09:52:55,1931.60,3,M
09:52:55,1931.60,1,M
09:52:55,1931.60,2,M
09:52:55,1931.60,2,M
09:52:55,1931.60,4,M
09:52:55,1931.60,1,M
09:52:55,1931.30,1,B
09:52:55,1931.40,1,B
09:52:55,1931.40,1,B
09:52:55,1931.40,1,B
09:52:55,1931.60,1,M
09:52:54,1931.30,1,B
09:52:54,1931.40,1,B
09:52:54,1931.60,1,M
09:52:54,1931.60,1,M
09:52:54,1931.50,1,M
09:52:54,1931.50,3,M
09:52:54,1931.50,1,M
09:52:54,1931.50,1,M
09:52:54,1931.50,5,M
09:52:54,1931.50,1,M
09:52:54,1931.40,1,M
09:52:54,1931.40,1,M
09:52:54,1931.40,1,M
09:52:54,1931.40,2,M
09:52:54,1931.40,8,M
09:52:54,1931.40,7,M
09:52:54,1931.30,2,B
09:52:54,1931.40,1,M
09:52:54,1931.40,1,M
09:52:54,1931.40,2,M
09:52:54,1931.40,2,M
09:52:54,1931.30,1,B
09:52:54,1931.40,1,M
09:52:53,1931.40,1,M
09:52:53,1931.40,1,M
09:52:53,1931.30,1,B
09:52:53,1931.40,1,M
09:52:53,1931.30,10,B
09:52:53,1931.50,1,M
09:52:53,1931.30,1,M
09:52:53,1931.50,1,M
09:52:53,1931.50,1,M
09:52:53,1931.50,1,M
09:52:53,1931.50,3,M
09:52:53,1931.50,1,M
09:52:53,1931.50,15,M
09:52:53,1931.50,1,M
09:52:53,1931.50,16,M
09:52:53,1931.30,37,M
09:52:53,1931.30,2,M
09:52:52,1931.30,1,M
09:52:52,1931.20,1,B
09:52:52,1931.30,1,M
09:52:52,1931.20,1,B
09:52:52,1931.20,1,B
09:52:52,1931.50,34,M
09:52:52,1931.50,1,M
09:52:52,1931.50,1,M
09:52:52,1931.30,4,M
09:52:52,1931.30,1,M
09:52:52,1931.30,1,M
09:52:52,1931.30,1,M
09:52:52,1931.30,10,M
09:52:52,1931.30,5,M
09:52:52,1931.30,2,M
09:52:52,1931.50,1,M
09:52:52,1931.50,1,M
09:52:52,1931.50,1,M
09:52:52,1931.40,13,M
09:52:52,1931.40,1,M
09:52:52,1931.30,1,M
09:52:52,1931.10,1,B
09:52:52,1931.10,1,B
09:52:52,1931.10,1,B
09:52:51,1931.10,1,B
09:52:51,1931.40,10,M
09:52:51,1931.40,3,M
09:52:51,1931.10,1,B
09:52:51,1931.40,1,M
09:52:51,1931.40,2,M
09:52:51,1931.40,1,M
09:52:51,1931.40,1,M
09:52:51,1931.40,1,M
09:52:51,1931.40,1,M
09:52:51,1931.40,1,M
09:52:51,1931.30,1,M
09:52:51,1931.30,1,M
09:52:51,1931.30,2,M
09:52:51,1931.30,1,M
09:52:51,1931.30,1,M
09:52:51,1931.30,1,M
09:52:51,1931.20,1,M
09:52:51,1931.10,1,B
09:52:51,1931.20,1,M
09:52:51,1931.10,1,B
09:52:51,1931.10,1,B
09:52:51,1931.10,1,B
09:52:51,1931.10,1,B
09:52:51,1931.10,9,M
09:52:50,1931.10,30,M
09:52:50,1931.00,4,B
09:52:50,1931.00,1,B
09:52:50,1931.00,1,B
09:52:50,1931.10,1,M
09:52:50,1931.00,1,B
09:52:50,1931.00,1,M
09:52:50,1931.00,1,M
09:52:50,1931.00,1,M
09:52:50,1931.00,1,M
09:52:50,1931.00,1,M
09:52:50,1931.00,1,M
09:52:50,1931.00,1,M
09:52:50,1931.00,1,M
09:52:50,1931.00,1,M
09:52:50,1931.00,5,M
09:52:50,1931.00,1,M
09:52:50,1931.00,1,M
09:52:50,1931.00,1,M
09:52:50,1931.00,2,M
09:52:50,1931.00,8,M
09:52:50,1931.00,1,M
09:52:50,1931.00,1,M
09:52:50,1931.00,1,M
09:52:50,1931.00,1,M
09:52:50,1931.00,1,M
09:52:50,1931.00,1,M
09:52:50,1931.00,1,M
09:52:50,1931.00,2,M
09:52:50,1931.00,5,M
09:52:50,1931.00,1,M
09:52:50,1931.00,2,M
09:52:50,1931.00,3,M
09:52:50,1931.00,1,M
09:52:50,1931.00,1,M
09:52:50,1931.00,4,M
09:52:50,1931.00,1,M
09:52:50,1931.00,5,M
09:52:50,1931.00,1,M
09:52:50,1931.00,1,M
09:52:50,1931.00,1,M
09:52:50,1931.00,2,M
09:52:50,1931.00,6,M
09:52:50,1931.00,3,M
09:52:50,1931.00,2,M
09:52:50,1931.00,1,M
09:52:49,1931.00,1,M
09:52:49,1931.00,1,M
09:52:49,1931.00,1,M
09:52:49,1931.00,3,M
09:52:49,1931.00,1,M
09:52:49,1931.00,5,M
09:52:49,1931.00,1,M
09:52:49,1931.00,5,M
09:52:49,1931.00,1,M
09:52:49,1931.00,1,M
09:52:49,1931.00,1,M
09:52:49,1931.00,1,M
09:52:49,1930.90,1,M
09:52:49,1930.90,1,M
09:52:49,1930.90,1,M
09:52:49,1930.90,1,M
09:52:49,1930.90,1,M
09:52:49,1930.90,1,M
09:52:49,1930.90,1,M
09:52:49,1930.90,1,M
09:52:49,1930.90,3,M
09:52:49,1930.90,2,M
09:52:49,1930.80,3,B
09:52:49,1930.90,20,M
09:52:49,1930.90,25,M
09:52:49,1930.90,2,M
09:52:49,1930.90,13,M
09:52:48,1930.90,1,M
09:52:48,1930.90,2,M
09:52:48,1930.90,5,M
09:52:48,1930.90,1,M
09:52:47,1930.60,1,B
09:52:47,1930.90,1,M
09:52:47,1930.90,1,M
09:52:47,1930.90,1,M
09:52:47,1930.90,1,M
09:52:47,1930.90,1,M
09:52:47,1930.90,1,M
09:52:47,1930.90,4,M
09:52:47,1930.90,1,M
09:52:47,1930.90,2,M
09:52:47,1930.90,1,M
09:52:47,1930.90,2,M
09:52:47,1930.80,3,M
09:52:47,1930.80,10,M
09:52:47,1930.80,1,M
09:52:47,1930.80,1,M
09:52:47,1930.80,1,M
09:52:47,1930.80,1,M
09:52:47,1930.80,1,M
09:52:47,1930.80,1,M
09:52:47,1930.80,1,M
09:52:47,1930.80,10,M
09:52:47,1930.80,1,M
09:52:47,1930.80,1,M
09:52:47,1930.80,1,M
09:52:47,1930.80,1,M
09:52:47,1930.80,3,M
09:52:47,1930.80,10,M
09:52:47,1930.80,14,M
09:52:47,1930.60,2,B
09:52:46,1930.80,1,M
09:52:46,1930.70,5,B
09:52:46,1930.70,1,B
09:52:45,1930.80,4,M
09:52:45,1930.80,2,M
09:52:45,1930.80,3,M
09:52:45,1930.80,1,M
09:52:45,1930.80,1,M
09:52:45,1930.80,1,M
09:52:45,1930.80,3,M
09:52:45,1930.80,5,M
09:52:44,1930.70,1,B
09:52:44,1930.70,9,M
09:52:44,1930.70,2,M
09:52:44,1930.70,2,M
09:52:44,1930.70,1,M
09:52:44,1930.70,3,M
09:52:44,1930.50,10,B
09:52:44,1930.50,1,B
09:52:44,1930.50,1,B
09:52:43,1930.70,1,M
09:52:43,1930.50,1,B
09:52:43,1930.70,1,M
09:52:43,1930.50,2,B
09:52:42,1930.50,1,B
09:52:42,1930.70,1,M
09:52:42,1930.70,9,M
09:52:42,1930.70,1,M
09:52:41,1930.40,1,B
09:52:40,1930.40,1,B
09:52:40,1930.70,1,M
09:52:39,1930.70,1,M
09:52:39,1930.70,1,M
09:52:39,1930.70,1,M
09:52:39,1930.60,1,M
09:52:39,1930.40,1,B
09:52:38,1930.60,1,M
09:52:38,1930.60,1,M
09:52:38,1930.60,8,M
09:52:38,1930.50,2,B
09:52:38,1930.50,1,B
09:52:38,1930.50,1,B
09:52:38,1930.50,1,B
09:52:38,1930.50,1,B
09:52:37,1930.50,1,B
09:52:35,1930.50,1,B
09:52:35,1930.70,1,M
09:52:35,1930.70,1,M
