Time,Price,Volume,Side
13:27:18,1981.00,2,B
13:27:17,1981.00,2,B
13:27:17,1981.40,1,M
13:27:17,1981.00,12,B
13:27:17,1981.30,8,B
13:27:17,1981.00,5,B
13:27:17,1981.00,6,B
13:27:17,1981.00,1,B
13:27:17,1981.00,1,B
13:27:17,1981.00,4,B
13:27:17,1981.20,3,B
13:27:17,1981.20,11,M
13:27:17,1981.20,1,M
13:27:16,1981.20,1,B
13:27:16,1981.30,1,B
13:27:16,1981.30,4,M
13:27:16,1981.30,1,M
13:27:16,1981.00,3,B
13:27:16,1981.10,1,B
13:27:16,1981.10,1,B
13:27:16,1981.10,1,B
13:27:16,1981.10,1,B
13:27:16,1981.10,1,B
13:27:16,1981.10,1,B
13:27:16,1981.10,1,B
13:27:16,1981.20,1,B
13:27:16,1981.20,1,B
13:27:16,1981.20,2,B
13:27:16,1981.20,6,B
13:27:16,1981.30,1,M
13:27:16,1981.30,20,M
13:27:16,1981.70,1,M
13:27:16,1981.70,1,M
13:27:16,1981.30,1,B
13:27:15,1981.20,4,B
13:27:15,1981.20,1,B
13:27:15,1981.30,1,B
13:27:15,1981.30,1,B
13:27:15,1981.30,1,B
13:27:15,1981.30,1,B
13:27:15,1981.30,1,B
13:27:15,1981.30,1,B
13:27:15,1981.30,1,B
13:27:15,1981.80,5,M
13:27:15,1981.70,1,M
13:27:15,1981.50,1,B
13:27:15,1981.50,2,B
13:27:15,1981.50,1,B
13:27:15,1981.50,1,B
13:27:14,1981.50,1,B
13:27:14,1981.60,1,B
13:27:14,1981.60,1,B
13:27:14,1981.70,1,B
13:27:14,1981.70,1,B
13:27:14,1981.70,1,B
13:27:14,1981.90,1,M
13:27:14,1981.90,1,M
13:27:14,1981.90,1,M
13:27:14,1981.90,1,M
13:27:14,1981.90,1,M
13:27:14,1981.70,1,B
13:27:14,1981.70,1,B
13:27:13,1981.70,1,B
13:27:13,1981.80,1,B
13:27:13,1981.80,1,B
13:27:13,1981.80,2,B
13:27:13,1981.80,5,B
13:27:13,1981.80,2,B
13:27:13,1981.80,1,B
13:27:13,1982.00,1,B
13:27:13,1982.00,1,B
13:27:13,1982.00,1,B
13:27:13,1982.00,3,B
13:27:13,1982.00,1,B
13:27:13,1982.00,1,B
13:27:13,1982.00,4,B
13:27:13,1982.20,1,M
13:27:12,1982.00,1,B
13:27:12,1982.00,1,B
13:27:12,1982.00,1,B
13:27:12,1982.00,1,B
13:27:12,1982.00,1,B
13:27:12,1982.00,1,B
13:27:12,1982.10,1,B
13:27:12,1982.10,1,B
13:27:12,1982.10,1,B
13:27:12,1982.10,1,B
13:27:12,1982.20,2,B
13:27:12,1982.20,1,B
13:27:12,1982.20,1,B
13:27:12,1982.50,1,B
13:27:12,1982.50,1,B
13:27:12,1982.50,5,B
13:27:12,1982.50,33,B
13:27:12,1982.50,8,B
13:27:12,1982.60,2,B
13:27:12,1982.60,1,B
13:27:12,1982.60,1,B
13:27:12,1982.60,2,B
13:27:12,1982.60,1,B
13:27:12,1982.60,1,B
13:27:12,1982.60,1,B
13:27:12,1982.60,1,B
13:27:12,1982.60,3,B
13:27:12,1982.60,2,B
13:27:12,1982.60,2,B
13:27:12,1982.60,3,B
13:27:12,1982.60,1,B
13:27:12,1982.60,1,B
13:27:11,1982.60,1,B
13:27:11,1982.60,1,B
13:27:11,1982.60,1,B
13:27:11,1982.60,1,B
13:27:11,1982.70,1,B
13:27:10,1983.00,1,M
13:27:10,1983.00,2,M
13:27:10,1982.60,3,B
13:27:10,1983.00,5,M
13:27:10,1982.70,1,B
13:27:10,1982.80,1,B
13:27:10,1983.00,43,B
13:27:09,1983.10,1,M
13:27:09,1983.10,1,M
13:27:09,1983.10,1,M
13:27:09,1983.10,1,M
13:27:08,1983.00,1,M
13:27:08,1982.80,1,M
13:27:08,1982.80,1,M
13:27:08,1982.80,4,M
13:27:08,1982.80,2,B
13:27:08,1982.80,1,B
13:27:08,1982.80,2,B
13:27:07,1982.80,1,B
13:27:07,1982.90,1,B
13:27:07,1982.90,1,B
13:27:06,1982.80,10,B
13:27:06,1982.80,1,B
13:27:05,1982.80,8,B
13:27:05,1982.90,1,M
13:27:05,1982.90,1,M
13:27:05,1982.80,11,B
13:27:05,1982.80,1,M
13:27:05,1982.70,2,M
13:27:05,1982.60,1,B
13:27:05,1982.60,1,B
13:27:05,1982.60,1,B
13:27:05,1982.60,3,B
13:27:05,1982.70,1,B
13:27:05,1982.70,1,B
13:27:04,1982.70,4,B
13:27:04,1982.70,1,B
13:27:04,1982.70,1,B
13:27:03,1982.80,1,M
13:27:03,1982.70,1,B
13:27:03,1982.70,2,B
13:27:02,1982.70,3,B
13:27:01,1983.10,1,M
13:27:00,1982.70,1,B
13:27:00,1982.70,1,B
13:27:00,1982.70,1,B
13:27:00,1982.80,1,B
13:27:00,1982.80,1,B
13:27:00,1982.80,1,B
13:27:00,1982.80,1,B
13:27:00,1982.80,1,B
13:27:00,1982.90,1,B
13:27:00,1983.00,1,B
13:27:00,1983.00,1,B
13:27:00,1983.20,1,B
13:27:00,1983.40,1,M
13:26:58,1983.50,5,M
13:26:58,1983.20,2,B
13:26:58,1983.50,1,M
13:26:57,1983.50,2,M
13:26:57,1983.50,2,M
13:26:57,1983.40,2,M
13:26:57,1983.40,1,M
13:26:57,1983.40,1,M
13:26:57,1983.20,1,B
13:26:57,1983.40,1,B
13:26:57,1983.40,1,B
13:26:56,1983.50,1,B
13:26:56,1983.60,1,B
13:26:56,1983.60,1,B
13:26:56,1984.00,1,M
13:26:56,1983.70,1,B
13:26:55,1983.60,1,B
13:26:55,1984.00,1,M
13:26:55,1984.00,1,M
13:26:55,1984.00,1,M
13:26:55,1983.90,1,M
13:26:55,1983.90,1,M
13:26:55,1983.80,1,M
13:26:55,1983.80,6,M
13:26:55,1983.70,1,M
13:26:55,1983.70,1,M
13:26:55,1983.70,1,M
13:26:55,1983.60,1,M
13:26:55,1983.50,1,M
13:26:55,1983.40,1,M
13:26:55,1983.30,1,M
13:26:55,1983.30,2,M
13:26:55,1983.20,1,M
13:26:54,1983.20,1,M
13:26:54,1983.20,1,M
13:26:54,1983.20,1,M
13:26:54,1983.20,1,M
13:26:54,1983.10,1,M
13:26:54,1983.10,1,M
13:26:54,1983.10,1,M
13:26:54,1983.00,2,M
13:26:54,1983.00,20,M
13:26:54,1983.00,1,M
13:26:54,1983.00,1,M
13:26:54,1983.00,1,M
13:26:54,1983.00,1,M
13:26:54,1983.00,1,M
13:26:54,1982.90,5,M
13:26:54,1982.90,1,M
13:26:54,1982.70,1,M
13:26:53,1982.60,1,M
13:26:53,1982.60,12,M
13:26:52,1982.50,1,M
13:26:52,1982.50,1,M
13:26:52,1982.50,1,M
13:26:52,1982.50,1,M
13:26:51,1982.50,1,M
13:26:51,1982.10,1,B
13:26:50,1982.10,2,B
13:26:50,1982.30,3,B
13:26:50,1982.50,1,M
13:26:49,1982.10,3,B
13:26:49,1982.10,1,B
13:26:48,1982.10,1,M
13:26:48,1982.10,5,M
13:26:47,1982.10,1,M
13:26:45,1982.10,5,M
13:26:45,1982.10,5,M
13:26:43,1982.00,1,B
13:26:43,1982.00,2,B
13:26:42,1982.10,10,M
13:26:42,1981.80,1,B
13:26:42,1982.00,1,M
13:26:41,1982.00,1,M
13:26:41,1981.90,6,B
13:26:41,1981.90,1,B
13:26:40,1982.00,10,B
13:26:40,1982.00,10,B
13:26:40,1982.10,5,M
13:26:40,1982.10,2,M
13:26:40,1982.20,3,B
13:26:40,1982.20,8,B
13:26:39,1982.20,2,B
13:26:39,1982.20,1,B
13:26:39,1982.10,1,B
13:26:39,1982.10,1,B
13:26:39,1982.10,1,B
13:26:39,1982.10,1,B
13:26:39,1982.10,1,B
13:26:39,1982.20,1,B
13:26:38,1982.60,1,M
13:26:38,1982.50,1,M
13:26:37,1982.10,1,B
13:26:37,1982.30,1,B
13:26:36,1982.10,1,B
13:26:36,1982.60,1,M
13:26:36,1982.50,1,M
13:26:36,1982.10,1,B
13:26:36,1982.10,2,B
13:26:36,1982.20,1,B
13:26:36,1982.30,2,B
13:26:36,1982.30,2,B
13:26:35,1982.60,2,M
13:26:35,1982.60,3,M
13:26:35,1982.60,1,B
13:26:35,1982.70,1,M
13:26:34,1982.70,1,B
13:26:34,1982.70,1,B
13:26:33,1982.70,2,B
13:26:33,1982.70,1,B
13:26:33,1982.80,1,M
13:26:33,1982.80,1,M
13:26:33,1982.80,1,M
13:26:32,1982.90,1,M
13:26:31,1982.90,1,M
13:26:30,1982.70,1,B
13:26:30,1982.90,1,M
13:26:30,1982.70,1,B
13:26:30,1982.70,1,B
13:26:30,1982.80,1,B
13:26:30,1982.80,1,B
13:26:29,1982.90,1,M
13:26:28,1982.70,1,M
13:26:28,1982.70,5,M
13:26:28,1982.70,1,M
13:26:27,1982.70,1,M
13:26:27,1982.60,1,M
13:26:27,1982.60,1,M
13:26:27,1982.50,4,M
13:26:26,1982.60,1,M
13:26:26,1982.70,1,M
13:26:26,1982.00,1,B
13:26:26,1982.00,4,B
13:26:26,1982.00,2,B
13:26:26,1982.10,1,B
13:26:26,1982.20,13,B
13:26:26,1982.30,25,B
13:26:26,1982.30,4,B
13:26:26,1982.70,1,M
13:26:26,1982.50,1,M
13:26:26,1982.30,21,M
13:26:26,1982.20,1,B
13:26:26,1982.30,1,M
13:26:26,1982.30,1,M
13:26:26,1982.30,1,M
13:26:26,1982.30,1,M
13:26:25,1982.50,16,M
13:26:25,1982.50,1,M
13:26:25,1982.50,2,M
13:26:25,1982.40,2,M
13:26:25,1982.40,2,M
13:26:25,1982.40,1,M
13:26:25,1982.40,1,M
13:26:25,1982.50,5,M
13:26:25,1981.90,2,B
13:26:25,1982.00,1,B
13:26:25,1982.00,1,B
13:26:25,1982.00,1,B
13:26:25,1982.00,1,B
13:26:25,1982.00,1,B
13:26:25,1982.10,1,B
13:26:24,1982.50,6,B
13:26:24,1982.60,1,M
13:26:24,1982.50,1,B
13:26:23,1982.60,1,M
13:26:23,1982.50,1,B
13:26:23,1982.60,2,M
13:26:23,1982.60,1,M
13:26:23,1982.50,1,B
13:26:23,1982.60,1,M
13:26:23,1982.60,1,M
13:26:23,1982.50,5,M
13:26:23,1982.50,1,M
13:26:23,1982.40,1,M
13:26:23,1982.20,1,M
13:26:23,1982.20,1,M
13:26:23,1982.20,1,M
13:26:23,1982.20,1,M
13:26:23,1982.20,1,M
13:26:23,1982.20,1,M
13:26:23,1982.10,1,M
13:26:23,1982.10,1,M
13:26:23,1982.00,1,M
13:26:23,1982.00,1,M
13:26:23,1982.00,1,M
13:26:23,1982.00,1,M
13:26:23,1982.00,1,M
13:26:23,1981.80,1,M
13:26:23,1981.80,1,M
13:26:23,1981.70,1,B
13:26:22,1981.50,3,B
13:26:22,1981.60,1,B
13:26:22,1981.60,1,B
13:26:22,1981.70,1,M
13:26:22,1981.50,16,B
13:26:22,1981.60,1,B
13:26:22,1981.60,1,B
13:26:22,1981.50,1,B
13:26:22,1981.50,10,M
13:26:22,1981.30,1,M
13:26:22,1981.30,1,M
13:26:22,1981.20,10,B
13:26:21,1981.20,15,B
13:26:21,1981.00,3,B
13:26:21,1981.10,7,B
13:26:21,1981.10,1,B
13:26:21,1981.20,1,B
13:26:21,1981.20,1,B
13:26:21,1981.00,7,B
13:26:21,1981.00,1,B
13:26:20,1981.00,1,B
13:26:20,1981.00,3,B
13:26:20,1981.00,3,B
13:26:20,1981.00,1,B
13:26:20,1981.00,4,M
13:26:20,1980.90,4,B
13:26:20,1981.00,1,M
13:26:20,1981.00,1,M
13:26:20,1981.00,1,M
13:26:19,1980.90,1,B
13:26:19,1981.00,1,M
13:26:19,1980.90,1,B
13:26:19,1981.00,1,B
13:26:19,1980.90,1,B
13:26:18,1981.00,2,B
13:26:18,1981.00,1,B
13:26:18,1981.00,1,B
13:26:18,1981.00,1,B
13:26:18,1981.00,1,B
13:26:18,1981.00,1,B
13:26:18,1981.20,1,M
13:26:18,1981.00,1,B
13:26:18,1981.00,3,B
13:26:18,1981.00,1,B
13:26:18,1981.00,1,B
13:26:17,1981.30,1,M
13:26:17,1981.30,1,M
13:26:17,1981.30,1,M
13:26:17,1981.00,1,B
13:26:17,1981.30,1,M
13:26:17,1981.30,1,M
13:26:17,1981.00,1,B
13:26:17,1981.20,1,M
13:26:16,1981.20,1,M
13:26:16,1981.10,1,B
13:26:16,1981.10,1,B
13:26:16,1981.40,1,M
13:26:16,1981.10,1,B
13:26:16,1981.20,1,B
13:26:16,1981.30,1,B
13:26:16,1981.30,1,B
13:26:15,1981.30,1,B
13:26:15,1981.30,1,B
13:26:15,1981.50,1,M
13:26:15,1981.30,2,B
13:26:15,1981.40,1,M
13:26:15,1981.20,1,B
13:26:14,1981.20,1,B
13:26:14,1981.20,1,B
13:26:14,1981.20,1,B
13:26:14,1981.30,1,B
13:26:14,1981.20,1,B
13:26:14,1981.30,5,B
13:26:14,1981.40,1,B
13:26:14,1981.40,3,B
13:26:14,1981.40,3,B
13:26:14,1981.40,2,B
13:26:14,1981.50,1,B
13:26:14,1981.50,1,B
13:26:14,1981.50,2,B
13:26:14,1981.50,3,B
13:26:14,1981.60,1,B
13:26:14,1981.60,1,B
13:26:14,1981.60,1,B
13:26:14,1981.70,1,B
13:26:14,1981.70,2,B
13:26:14,1981.80,1,B
13:26:14,1981.80,1,B
13:26:14,1981.80,5,B
13:26:14,1981.90,4,B
13:26:14,1982.00,1,B
13:26:14,1982.00,1,B
13:26:14,1982.00,2,B
13:26:14,1982.10,1,B
13:26:14,1982.10,4,B
13:26:14,1982.20,3,B
13:26:14,1982.20,10,B
13:26:14,1982.30,1,M
13:26:14,1982.30,1,M
13:26:13,1982.30,1,M
13:26:13,1982.20,1,B
13:26:12,1982.10,2,B
13:26:12,1982.10,3,B
13:26:12,1982.50,2,M
13:26:12,1982.50,1,M
13:26:12,1982.40,1,M
13:26:12,1982.40,1,M
13:26:12,1982.10,1,B
13:26:12,1981.90,2,B
13:26:12,1982.30,2,B
13:26:12,1982.40,1,B
13:26:11,1981.90,1,B
13:26:11,1982.00,5,B
13:26:11,1982.00,1,B
13:26:11,1982.00,1,B
13:26:11,1982.00,1,B
13:26:11,1982.00,4,B
13:26:11,1982.00,5,B
13:26:11,1982.00,2,B
13:26:11,1982.00,1,B
13:26:11,1982.00,2,B
13:26:11,1982.00,1,B
13:26:11,1982.10,1,B
13:26:11,1982.10,1,B
13:26:11,1982.20,1,B
13:26:11,1982.20,21,B
13:26:11,1982.30,1,B
13:26:11,1982.50,1,B
13:26:11,1982.60,1,B
13:26:11,1982.40,1,B
13:26:11,1982.50,1,B
13:26:11,1982.30,1,B
13:26:11,1982.40,1,M
13:26:11,1982.20,1,M
13:26:11,1982.10,1,B
13:26:11,1982.20,1,M
13:26:11,1982.10,1,B
13:26:10,1982.20,1,B
13:26:10,1982.20,1,B
13:26:09,1982.20,1,B
13:26:09,1982.20,2,B
13:26:09,1982.30,1,B
13:26:09,1982.40,1,B
13:26:09,1982.50,1,B
13:26:09,1982.60,1,B
13:26:09,1982.60,1,B
13:26:09,1982.60,1,B
13:26:08,1982.50,1,B
13:26:08,1982.50,3,B
13:26:08,1982.60,1,B
13:26:08,1982.60,1,B
13:26:08,1982.60,1,B
13:26:08,1982.60,2,B
13:26:08,1982.60,1,B
13:26:08,1982.70,1,B
13:26:08,1982.70,7,B
13:26:08,1982.70,5,B
13:26:08,1982.80,1,B
13:26:08,1982.80,2,B
13:26:08,1982.80,2,B
13:26:08,1983.00,1,B
13:26:08,1983.00,1,B
13:26:08,1983.00,1,B
13:26:08,1983.00,2,B
13:26:08,1983.00,1,B
13:26:08,1983.00,1,B
13:26:08,1983.00,2,B
13:26:08,1983.10,20,B
13:26:08,1983.10,2,B
13:26:08,1983.10,2,B
13:26:08,1983.20,1,B
13:26:08,1983.20,1,B
13:26:07,1983.40,1,B
13:26:07,1983.40,1,B
13:26:07,1983.40,2,B
13:26:07,1983.60,1,M
13:26:07,1983.40,1,B
13:26:07,1983.40,1,B
13:26:06,1983.50,1,B
13:26:06,1983.50,1,B
13:26:06,1983.50,1,B
13:26:06,1983.50,1,B
13:26:06,1983.50,1,B
13:26:06,1983.60,1,B
13:26:06,1983.60,1,B
13:26:05,1983.70,1,B
13:26:05,1983.70,1,B
13:26:05,1983.70,1,B
13:26:04,1983.80,1,M
13:26:04,1983.70,1,B
13:26:04,1983.70,1,B
13:26:03,1983.80,5,M
13:26:03,1983.80,1,B
13:26:03,1983.80,1,B
13:26:03,1983.80,2,B
13:26:03,1983.80,1,B
13:26:03,1983.80,1,B
13:26:01,1984.10,1,B
13:26:01,1984.10,1,B
13:26:00,1984.00,1,M
13:26:00,1983.80,1,B
13:25:59,1983.80,1,B
13:25:57,1983.80,1,B
13:25:57,1983.90,1,B
13:25:57,1984.10,1,B
13:25:56,1984.20,1,M
13:25:56,1984.20,1,M
13:25:55,1984.40,5,M
13:25:55,1984.30,1,M
13:25:55,1984.30,4,M
13:25:55,1984.30,1,M
13:25:55,1984.30,1,M
13:25:55,1984.30,1,M
13:25:55,1983.90,3,M
13:25:55,1983.90,1,M
13:25:54,1983.90,1,M
13:25:54,1983.90,1,B
13:25:54,1983.90,3,B
13:25:54,1983.90,1,B
13:25:54,1983.90,13,B
13:25:54,1984.00,6,B
13:25:54,1984.00,1,B
13:25:54,1984.10,1,B
13:25:54,1984.10,1,B
13:25:54,1984.10,1,B
13:25:54,1984.10,4,B
13:25:54,1984.40,1,M
13:25:54,1984.10,1,B
13:25:54,1984.10,4,B
13:25:52,1984.10,5,B
13:25:52,1984.10,2,B
13:25:51,1984.10,5,B
13:25:50,1984.40,2,M
13:25:50,1984.20,1,M
13:25:50,1984.20,1,M
13:25:50,1984.20,1,M
13:25:50,1984.20,1,M
13:25:50,1984.20,1,M
13:25:50,1984.20,1,M
13:25:50,1984.10,1,B
13:25:49,1984.10,5,M
13:25:49,1984.10,1,M
13:25:49,1983.80,4,B
13:25:49,1983.90,2,B
13:25:49,1983.90,7,B
13:25:48,1984.00,2,B
13:25:48,1984.00,1,B
13:25:48,1984.00,2,B
13:25:48,1984.00,18,B
13:25:46,1983.90,10,B
13:25:46,1983.90,1,B
13:25:45,1983.90,2,B
13:25:45,1984.10,1,M
13:25:45,1984.00,1,M
13:25:44,1984.00,1,M
13:25:44,1984.00,1,M
13:25:44,1983.90,2,M
13:25:43,1983.70,1,B
13:25:42,1983.70,2,B
13:25:42,1983.70,1,B
13:25:42,1983.80,1,B
13:25:42,1984.00,1,M
13:25:42,1984.00,1,M
13:25:42,1984.00,1,M
13:25:41,1983.90,2,M
13:25:41,1983.70,1,B
13:25:39,1983.70,1,B
13:25:38,1984.00,2,M
13:25:37,1983.60,11,M
13:25:37,1983.60,1,B
13:25:37,1983.60,1,B
13:25:37,1983.70,1,B
13:25:37,1983.80,1,B
13:25:37,1984.00,1,M
13:25:37,1983.80,1,M
13:25:37,1983.70,1,M
13:25:36,1983.70,1,M
13:25:36,1983.70,2,B
13:25:36,1983.60,1,B
13:25:36,1983.60,1,B
13:25:36,1983.70,1,B
13:25:36,1983.70,1,B
13:25:36,1983.90,1,B
13:25:35,1984.10,1,M
13:25:35,1984.10,1,M
13:25:35,1984.10,1,M
13:25:35,1984.10,1,M
13:25:35,1984.10,1,M
13:25:35,1984.00,1,M
13:25:34,1984.00,1,M
13:25:34,1984.00,1,M
13:25:33,1983.50,1,B
13:25:33,1983.80,1,B
13:25:33,1984.00,1,M
13:25:33,1983.90,1,M
13:25:33,1983.50,3,B
13:25:33,1983.60,1,B
13:25:33,1983.70,1,B
13:25:32,1983.90,1,M
13:25:31,1983.50,2,B
13:25:31,1983.70,1,B
13:25:31,1983.70,2,B
13:25:31,1983.80,5,B
13:25:31,1983.80,14,B
13:25:31,1983.80,1,M
13:25:30,1983.80,1,M
13:25:30,1983.70,2,B
13:25:30,1983.70,5,B
13:25:30,1983.80,1,M
13:25:30,1983.70,1,B
13:25:30,1983.70,2,B
13:25:30,1983.70,1,M
13:25:30,1983.60,2,M
13:25:29,1983.50,2,B
13:25:29,1983.60,1,B
13:25:29,1983.60,1,B
13:25:29,1983.70,1,M
13:25:29,1983.50,1,B
13:25:29,1983.50,1,B
13:25:29,1983.50,1,B
13:25:29,1983.50,2,B
13:25:29,1983.60,1,B
13:25:29,1983.70,1,M
13:25:29,1983.70,1,M
13:25:29,1983.60,1,B
13:25:28,1983.60,1,M
13:25:28,1983.60,1,M
13:25:28,1983.50,1,M
13:25:28,1983.30,1,B
13:25:28,1983.40,1,B
13:25:28,1983.50,1,B
13:25:28,1983.40,1,B
13:25:28,1983.90,1,M
13:25:28,1983.80,1,M
13:25:27,1983.70,1,M
13:25:27,1983.40,1,B
13:25:27,1983.40,1,B
13:25:27,1983.40,1,B
13:25:27,1983.40,1,B
13:25:27,1983.70,1,M
13:25:27,1983.60,1,M
13:25:27,1983.60,1,M
13:25:27,1983.40,1,B
13:25:27,1983.40,1,B
13:25:27,1983.40,1,B
13:25:27,1983.60,1,M
13:25:27,1983.40,1,B
13:25:27,1983.50,1,B
13:25:27,1983.40,1,B
13:25:27,1983.40,2,B
13:25:27,1983.50,2,B
13:25:27,1983.40,1,B
13:25:27,1984.20,1,B
13:25:27,1984.20,1,B
13:25:26,1982.60,1,B
13:25:26,1982.60,1,B
13:25:26,1983.00,1,B
13:25:26,1983.00,1,B
13:25:26,1983.00,1,B
13:25:26,1983.00,12,B
13:25:26,1983.10,1,B
13:25:26,1983.10,2,B
13:25:26,1983.10,2,B
13:25:26,1983.20,1,B
13:25:26,1983.30,1,B
13:25:26,1983.30,1,B
13:25:26,1983.70,5,B
13:25:26,1983.80,1,B
13:25:26,1983.90,1,B
13:25:26,1984.00,1,B
13:25:26,1984.00,1,B
13:25:26,1984.00,1,B
13:25:26,1984.00,1,B
13:25:26,1984.00,1,B
13:25:26,1984.00,1,B
13:25:26,1984.00,1,B
13:25:26,1984.00,1,B
13:25:26,1984.00,1,B
13:25:26,1984.00,1,B
13:25:26,1984.00,5,B
13:25:26,1984.00,1,B
13:25:26,1984.10,1,B
13:25:26,1984.10,1,B
13:25:26,1984.20,1,B
13:25:26,1984.60,1,M
13:25:26,1984.50,1,B
13:25:26,1984.70,1,M
13:25:26,1984.70,1,M
13:25:26,1984.70,1,M
13:25:26,1984.50,5,B
13:25:26,1984.70,1,M
13:25:26,1984.60,1,M
13:25:26,1984.60,1,M
13:25:25,1984.70,1,M
13:25:25,1984.70,14,M
13:25:25,1984.60,1,M
13:25:25,1984.50,1,B
13:25:25,1984.60,1,M
13:25:25,1984.60,1,M
13:25:25,1984.80,1,M
13:25:24,1985.00,2,M
13:25:24,1985.00,1,M
13:25:24,1984.50,13,B
13:25:24,1984.50,2,B
13:25:24,1984.50,5,B
13:25:24,1984.50,20,B
13:25:24,1984.60,1,B
13:25:24,1984.60,1,B
13:25:24,1984.60,1,B
13:25:24,1984.70,7,B
13:25:24,1984.70,1,B
13:25:24,1984.70,1,B
13:25:24,1984.70,18,B
13:25:24,1984.90,1,M
13:25:24,1984.70,1,B
13:25:24,1985.00,4,M
13:25:24,1984.80,1,M
13:25:23,1984.80,1,B
13:25:23,1984.80,1,B
13:25:23,1985.00,3,M
13:25:22,1984.80,2,B
13:25:22,1985.00,1,M
13:25:21,1984.70,1,B
13:25:21,1984.90,1,B
13:25:21,1985.10,13,B
13:25:21,1985.20,2,M
13:25:21,1985.00,3,M
13:25:20,1985.00,2,B
13:25:20,1985.00,1,B
13:25:20,1985.00,1,B
13:25:20,1985.00,1,B
13:25:20,1985.00,1,B
13:25:20,1985.00,1,B
13:25:20,1985.30,4,M
13:25:20,1985.20,1,M
13:25:20,1985.20,1,M
13:25:20,1985.20,1,M
13:25:20,1985.10,1,M
13:25:20,1985.10,1,M
13:25:20,1985.10,2,M
13:25:20,1985.10,1,M
13:25:20,1985.10,1,M
13:25:20,1985.10,1,M
13:25:20,1985.10,3,M
13:25:19,1985.00,1,B
13:25:19,1985.00,1,B
13:25:19,1985.10,1,B
13:25:19,1985.10,1,B
13:25:19,1985.20,1,M
13:25:19,1985.20,1,M
13:25:18,1985.60,16,M
13:25:18,1985.50,1,M
13:25:18,1985.50,5,M
13:25:18,1985.40,5,M
13:25:18,1985.40,1,M
13:25:18,1985.40,2,M
13:25:18,1984.90,4,B
13:25:18,1985.00,1,B
13:25:18,1985.00,1,B
13:25:18,1985.00,1,B
13:25:18,1985.00,1,B
13:25:18,1985.10,1,B
13:25:18,1985.10,1,B
13:25:18,1985.10,1,B
13:25:18,1985.10,1,B
13:25:18,1985.10,1,B
13:25:18,1985.20,1,B
13:25:18,1985.20,1,B
13:25:18,1985.20,1,B
13:25:18,1985.50,2,M
13:25:18,1985.40,1,M
13:25:18,1985.40,1,M
13:25:18,1985.30,1,B
13:25:17,1985.40,2,M
13:25:17,1985.40,2,M
13:25:17,1985.40,1,M
13:25:17,1985.40,1,B
13:25:17,1985.40,3,B
13:25:17,1985.40,1,B
13:25:17,1985.40,3,B
13:25:17,1985.50,1,B
13:25:16,1985.50,1,B
13:25:16,1985.50,1,B
13:25:16,1985.50,2,B
13:25:16,1985.50,2,B
13:25:16,1985.50,1,B
13:25:16,1985.50,1,B
13:25:16,1985.50,1,B
13:25:16,1985.50,1,B
13:25:16,1985.50,3,B
13:25:16,1985.50,1,B
13:25:15,1985.50,1,B
13:25:15,1985.50,2,B
13:25:15,1985.50,1,B
13:25:15,1985.50,1,B
13:25:15,1985.70,6,M
13:25:15,1985.70,4,M
13:25:15,1985.70,10,M
13:25:15,1985.70,1,M
13:25:15,1985.90,2,M
13:25:14,1985.50,1,B
13:25:14,1985.90,1,M
13:25:14,1985.90,1,M
13:25:14,1985.90,2,M
13:25:14,1985.70,1,M
13:25:14,1985.70,1,M
13:25:14,1985.70,1,M
13:25:14,1985.70,1,M
13:25:14,1985.80,1,M
13:25:14,1985.80,1,M
13:25:14,1985.60,1,B
13:25:14,1985.90,5,B
13:25:14,1985.90,2,B
13:25:14,1986.00,1,M
13:25:13,1985.90,1,M
13:25:13,1985.60,2,B
13:25:13,1985.90,1,B
13:25:13,1986.00,1,M
13:25:13,1985.90,4,M
13:25:13,1985.90,1,M
13:25:13,1985.90,2,B
13:25:13,1986.00,2,M
13:25:12,1985.90,1,B
13:25:12,1986.00,6,M
13:25:12,1986.00,1,M
13:25:12,1986.00,3,M
13:25:12,1985.90,1,B
13:25:12,1985.90,2,B
13:25:12,1986.00,1,M
13:25:12,1986.00,1,M
13:25:12,1985.90,2,M
13:25:12,1985.90,1,M
13:25:12,1985.60,1,B
13:25:12,1985.70,4,B
13:25:12,1985.90,3,M
13:25:12,1985.90,1,M
13:25:11,1985.90,4,M
13:25:11,1986.00,2,M
13:25:11,1986.00,1,M
13:25:11,1986.00,1,M
13:25:11,1985.90,2,M
13:25:11,1985.90,1,M
13:25:11,1985.90,1,M
13:25:11,1986.00,1,M
13:25:11,1986.00,4,M
13:25:11,1985.40,1,B
13:25:11,1985.40,1,B
13:25:11,1985.40,1,B
13:25:11,1985.40,1,B
13:25:11,1985.80,1,B
13:25:11,1985.90,1,B
13:25:11,1985.90,1,B
13:25:11,1986.00,1,M
13:25:10,1986.00,1,M
13:25:10,1986.00,1,M
13:25:10,1986.00,1,M
13:25:10,1986.00,1,M
13:25:10,1986.00,1,M
13:25:10,1986.00,2,M
13:25:10,1986.00,1,M
13:25:10,1986.00,1,M
13:25:10,1985.90,1,M
13:25:10,1985.90,1,M
13:25:10,1985.90,1,M
13:25:10,1985.90,1,M
13:25:10,1985.90,1,M
13:25:10,1985.80,1,M
13:25:10,1985.80,1,M
13:25:10,1985.80,1,M
13:25:10,1985.80,1,M
13:25:10,1985.80,1,M
13:25:10,1985.80,1,M
13:25:10,1985.80,1,M
13:25:10,1985.70,1,M
13:25:10,1985.80,1,M
13:25:10,1985.30,1,B
13:25:10,1985.80,1,M
13:25:10,1985.60,1,M
13:25:10,1985.60,2,M
13:25:09,1985.50,1,M
13:25:09,1985.50,1,M
13:25:09,1985.50,1,M
13:25:09,1985.50,1,M
13:25:09,1985.50,1,M
13:25:09,1985.50,4,M
13:25:09,1985.40,1,M
13:25:09,1985.30,4,M
13:25:09,1985.30,1,M
13:25:09,1985.30,1,M
13:25:09,1985.20,2,M
13:25:09,1985.20,1,M
13:25:09,1985.20,2,M
13:25:09,1985.00,1,M
13:25:09,1985.00,10,M
13:25:09,1985.00,1,M
13:25:09,1984.90,4,B
13:25:09,1985.00,19,M
13:25:09,1985.00,1,M
13:25:09,1985.00,1,M
13:25:09,1985.00,1,M
13:25:09,1985.00,3,M
13:25:09,1985.00,16,M
13:25:09,1985.00,2,M
13:25:09,1984.90,1,B
13:25:09,1985.00,3,M
13:25:09,1985.00,18,M
13:25:09,1985.00,30,M
13:25:09,1985.00,1,M
13:25:08,1985.00,8,M
13:25:08,1985.00,1,M
13:25:08,1985.00,10,M
13:25:08,1985.00,20,M
13:25:07,1984.70,1,B
13:25:07,1985.00,1,M
13:25:07,1985.00,1,M
13:25:07,1985.00,1,M
13:25:07,1985.00,1,M
13:25:07,1984.60,1,B
13:25:07,1985.00,1,M
13:25:07,1985.00,1,M
13:25:07,1985.00,31,M
13:25:07,1985.00,2,M
13:25:07,1985.00,1,M
13:25:07,1985.00,1,M
13:25:07,1985.00,1,M
13:25:07,1985.00,1,M
13:25:07,1985.00,1,M
13:25:07,1985.00,3,M
13:25:07,1985.00,2,M
13:25:07,1985.00,1,M
13:25:07,1985.00,2,M
13:25:07,1985.00,2,M
13:25:07,1985.00,1,M
13:25:07,1985.00,2,M
13:25:07,1985.00,1,M
13:25:07,1985.00,1,M
13:25:07,1984.90,1,M
13:25:07,1984.90,1,M
13:25:07,1984.90,8,M
13:25:07,1984.90,1,M
13:25:07,1984.90,1,M
13:25:07,1984.90,1,M
13:25:07,1984.90,1,M
13:25:07,1984.90,2,M
13:25:07,1984.90,3,M
13:25:07,1984.80,1,M
13:25:07,1984.80,20,M
13:25:07,1984.70,5,M
13:25:07,1984.60,2,M
13:25:07,1984.60,1,M
13:25:06,1984.40,1,B
13:25:06,1984.50,1,B
13:25:06,1984.60,1,M
13:25:06,1984.60,2,M
13:25:06,1984.60,1,M
13:25:06,1984.60,1,M
13:25:06,1984.50,2,M
13:25:06,1984.50,1,M
13:25:06,1984.50,1,M
13:25:06,1984.50,8,M
13:25:06,1984.50,1,M
13:25:06,1984.50,1,M
13:25:06,1984.50,1,M
13:25:06,1984.40,1,M
13:25:06,1984.40,1,M
13:25:06,1984.40,1,M
13:25:05,1984.40,1,M
13:25:05,1984.20,2,M
13:25:05,1984.20,1,M
13:25:05,1984.10,2,M
13:25:05,1984.00,6,M
13:25:05,1984.00,1,M
13:25:05,1984.00,6,M
13:25:05,1984.00,1,M
13:25:05,1984.00,3,M
13:25:05,1983.90,1,B
13:25:04,1984.00,1,M
13:25:04,1983.90,1,M
13:25:04,1983.90,1,M
13:25:04,1983.90,1,M
13:25:04,1983.90,1,M
13:25:04,1983.90,2,M
13:25:04,1983.90,1,M
13:25:04,1983.80,1,M
13:25:04,1983.80,17,M
13:25:04,1983.50,1,M
13:25:02,1983.80,3,M
13:25:02,1983.80,3,M
13:25:02,1983.80,18,M
13:25:02,1983.80,1,M
13:25:02,1983.70,2,M
13:25:02,1983.50,1,M
13:25:02,1983.40,1,B
13:25:01,1983.30,2,B
13:25:01,1983.30,1,B
13:25:01,1983.30,1,B
13:25:01,1983.50,1,B
13:25:01,1983.60,1,B
13:25:01,1983.70,2,B
13:25:00,1983.90,3,M
13:25:00,1983.90,9,M
13:25:00,1983.90,1,M
13:24:59,1983.90,1,M
13:24:58,1983.40,2,B
13:24:58,1983.50,1,B
13:24:58,1983.50,1,B
13:24:57,1983.90,1,M
13:24:57,1983.60,1,M
13:24:57,1983.40,1,M
13:24:57,1984.00,1,M
13:24:57,1984.00,1,M
13:24:57,1984.00,2,M
13:24:57,1984.00,1,M
13:24:57,1983.90,1,M
13:24:57,1983.90,8,M
13:24:57,1983.80,1,M
13:24:57,1983.80,8,M
13:24:57,1983.80,1,M
13:24:57,1983.80,1,M
13:24:57,1983.80,10,M
13:24:57,1983.70,1,M
13:24:57,1983.70,1,M
13:24:57,1983.70,5,M
13:24:57,1983.70,1,M
13:24:57,1983.60,1,M
13:24:57,1983.50,1,M
13:24:57,1983.40,1,M
13:24:57,1983.40,1,M
13:24:57,1983.40,1,M
13:24:57,1983.30,1,M
13:24:57,1983.30,1,M
13:24:57,1982.90,2,B
13:24:57,1982.90,1,B
13:24:57,1983.00,1,B
13:24:57,1983.00,1,B
13:24:57,1983.30,1,M
13:24:57,1983.20,1,M
13:24:55,1983.40,1,M
13:24:55,1983.40,1,M
13:24:55,1983.30,4,M
13:24:55,1983.30,1,M
13:24:55,1983.30,1,M
13:24:55,1983.30,2,M
13:24:55,1983.30,1,M
13:24:55,1983.20,2,M
13:24:55,1983.10,1,M
13:24:55,1983.10,1,M
13:24:55,1983.00,1,M
13:24:55,1983.00,1,M
13:24:55,1983.00,1,B
13:24:54,1982.50,1,B
13:24:54,1982.60,1,B
13:24:54,1982.60,1,B
13:24:54,1982.60,7,B
13:24:54,1982.60,2,B
13:24:54,1982.60,18,B
13:24:54,1982.60,2,B
13:24:54,1982.70,1,B
13:24:54,1982.70,1,B
13:24:54,1982.70,1,B
13:24:54,1982.70,1,B
13:24:54,1982.70,1,B
13:24:54,1982.70,1,B
13:24:54,1982.70,1,B
13:24:54,1982.80,1,B
13:24:54,1983.20,1,M
13:24:54,1983.20,1,M
13:24:54,1983.10,1,M
13:24:54,1983.00,1,M
13:24:54,1983.00,1,M
13:24:53,1982.60,3,B
13:24:53,1982.80,1,B
13:24:53,1982.80,1,B
13:24:52,1982.60,3,B
13:24:51,1982.60,2,B
13:24:51,1982.60,1,B
13:24:51,1982.60,1,B
13:24:49,1982.60,1,B
13:24:49,1982.60,1,B
13:24:49,1982.60,1,B
13:24:49,1982.70,1,B
13:24:49,1982.70,2,B
13:24:49,1982.70,1,B
13:24:49,1982.70,1,B
13:24:49,1982.70,1,B
13:24:48,1982.80,1,B
13:24:48,1982.80,1,B
13:24:48,1983.00,5,B
13:24:48,1983.00,1,B
13:24:48,1983.00,1,B
13:24:48,1983.00,1,B
13:24:48,1983.00,1,B
13:24:48,1983.00,1,B
13:24:48,1983.00,1,B
13:24:48,1983.00,1,B
13:24:48,1983.10,8,B
13:24:48,1983.30,6,M
13:24:48,1983.20,1,B
13:24:48,1983.20,1,B
13:24:48,1983.20,1,B
13:24:48,1983.20,1,B
13:24:47,1983.30,4,M
13:24:47,1983.20,1,B
13:24:47,1983.40,11,B
13:24:47,1983.40,1,B
13:24:47,1983.40,1,B
13:24:47,1983.40,5,B
13:24:47,1983.40,15,B
13:24:46,1983.60,4,B
13:24:46,1983.60,5,B
13:24:46,1983.60,3,B
13:24:45,1983.70,1,M
13:24:45,1983.70,1,M
13:24:45,1983.60,1,B
13:24:45,1983.60,1,B
13:24:44,1983.60,1,B
13:24:44,1983.60,1,B
13:24:44,1983.70,1,M
13:24:43,1983.60,1,B
13:24:42,1983.70,1,M
13:24:42,1983.70,1,M
13:24:42,1983.60,1,B
13:24:41,1983.60,1,B
13:24:41,1983.60,1,M
13:24:41,1983.70,1,M
13:24:41,1983.70,1,M
13:24:41,1983.60,1,M
13:24:39,1983.50,1,B
13:24:39,1983.70,1,M
13:24:39,1983.70,1,M
13:24:38,1983.70,5,M
13:24:38,1983.30,1,B
13:24:37,1983.60,1,M
13:24:37,1983.30,3,B
13:24:37,1983.40,2,B
13:24:37,1983.50,4,B
13:24:36,1983.40,1,B
13:24:35,1983.80,1,M
13:24:35,1983.80,1,M
13:24:35,1983.40,1,B
13:24:35,1983.40,1,B
13:24:34,1983.70,1,M
13:24:34,1983.40,2,B
13:24:34,1983.70,1,B
13:24:34,1983.80,1,M
13:24:33,1983.40,2,B
13:24:33,1983.40,1,B
13:24:33,1983.40,1,B
13:24:33,1983.50,1,B
13:24:33,1983.30,3,B
13:24:33,1983.50,4,B
13:24:33,1983.50,3,B
13:24:33,1983.50,4,B
13:24:33,1983.50,1,B
13:24:33,1983.50,1,B
13:24:33,1983.50,1,B
13:24:33,1983.60,3,B
13:24:33,1983.70,1,B
13:24:33,1983.70,1,B
13:24:32,1983.70,1,B
13:24:32,1983.70,1,B
13:24:32,1983.70,1,B
13:24:31,1983.60,5,B
13:24:31,1983.60,1,B
13:24:31,1983.60,1,B
13:24:31,1983.60,1,B
13:24:31,1983.70,1,B
13:24:31,1983.70,1,B
13:24:31,1984.10,1,M
13:24:31,1984.00,1,M
13:24:31,1984.00,1,M
13:24:31,1984.00,1,M
13:24:31,1983.80,1,M
13:24:30,1983.70,1,B
13:24:28,1984.10,1,M
13:24:28,1983.60,1,B
13:24:28,1983.70,1,B
13:24:28,1984.00,2,B
13:24:28,1984.00,2,B
13:24:28,1984.00,1,B
13:24:27,1984.00,2,B
13:24:27,1984.00,1,B
13:24:27,1984.20,2,M
13:24:27,1984.00,1,B
13:24:27,1984.20,1,M
13:24:27,1984.20,2,M
13:24:27,1984.00,1,M
13:24:27,1984.00,1,M
13:24:27,1984.00,1,M
13:24:27,1984.00,1,M
13:24:27,1984.00,1,M
13:24:27,1984.00,1,M
13:24:26,1983.50,5,B
13:24:26,1983.60,1,B
13:24:26,1984.00,1,M
13:24:25,1984.00,1,M
13:24:25,1984.00,3,M
13:24:25,1984.00,1,M
13:24:25,1983.90,1,M
13:24:25,1983.70,1,M
13:24:25,1983.60,10,M
13:24:25,1983.80,1,M
13:24:24,1983.50,1,B
13:24:24,1983.50,1,B
13:24:24,1983.80,2,M
13:24:24,1983.50,1,B
13:24:24,1983.50,1,B
13:24:24,1983.50,1,B
13:24:23,1983.50,1,B
13:24:23,1983.80,1,M
13:24:22,1983.50,1,B
13:24:21,1984.00,1,B
13:24:21,1984.00,1,B
13:24:20,1984.00,2,B
13:24:20,1984.10,3,B
13:24:20,1984.40,1,M
13:24:20,1984.10,30,B
13:24:20,1984.10,1,B
13:24:20,1984.40,11,M
13:24:20,1984.20,6,M
13:24:20,1984.20,3,M
13:24:20,1984.10,1,B
13:24:20,1984.10,1,B
13:24:19,1984.10,40,B
13:24:19,1984.10,10,B
13:24:19,1984.10,1,B
13:24:18,1984.20,3,M
13:24:18,1984.20,1,M
13:24:18,1984.10,13,B
13:24:18,1984.10,1,B
13:24:18,1984.10,3,B
13:24:17,1984.30,1,M
13:24:17,1984.10,5,B
13:24:16,1984.10,1,B
13:24:16,1984.10,1,B
13:24:16,1984.10,1,B
13:24:15,1984.10,5,B
13:24:15,1984.10,12,B
13:24:15,1984.30,1,B
13:24:14,1984.40,2,M
13:24:14,1984.20,1,B
13:24:14,1984.20,1,B
13:24:14,1984.20,1,B
13:24:13,1984.40,1,B
13:24:13,1984.40,1,B
13:24:12,1984.60,1,M
13:24:12,1984.60,1,M
13:24:12,1984.60,1,M
13:24:10,1984.10,1,B
13:24:09,1984.60,2,M
13:24:09,1984.60,3,M
13:24:09,1984.10,1,B
13:24:09,1984.20,1,B
13:24:09,1984.20,1,B
13:24:09,1984.30,1,B
13:24:09,1984.40,1,B
13:24:09,1984.60,6,M
13:24:09,1984.60,1,M
13:24:09,1984.50,1,M
13:24:09,1984.50,2,M
13:24:09,1984.50,1,M
13:24:08,1984.40,1,B
13:24:08,1984.60,5,M
13:24:08,1984.20,1,B
13:24:08,1984.40,1,B
13:24:08,1984.40,1,B
13:24:08,1984.50,1,B
13:24:08,1984.60,1,B
13:24:08,1984.60,1,B
13:24:08,1984.60,3,B
13:24:08,1984.60,3,B
13:24:07,1984.60,1,B
13:24:07,1984.60,18,M
13:24:06,1984.50,4,B
13:24:06,1984.60,1,M
13:24:05,1984.50,7,B
13:24:05,1984.60,1,B
13:24:05,1985.00,1,M
13:24:05,1985.00,1,M
13:24:05,1985.00,3,M
13:24:05,1984.90,1,M
13:24:05,1984.90,1,M
13:24:05,1984.50,3,M
13:24:05,1984.50,1,M
13:24:04,1984.90,1,M
13:24:04,1984.90,1,M
13:24:04,1984.90,1,M
13:24:04,1984.80,1,M
13:24:04,1984.50,2,M
13:24:04,1984.40,2,B
13:24:04,1984.40,1,B
13:24:04,1984.60,1,M
13:24:04,1983.50,9,B
13:24:04,1983.70,8,B
13:24:04,1983.70,1,B
13:24:04,1984.10,20,B
13:24:04,1984.10,1,B
13:24:04,1984.20,1,B
13:24:04,1984.20,1,B
13:24:04,1984.30,1,B
13:24:04,1984.30,2,B
13:24:04,1984.30,1,B
13:24:04,1984.40,1,B
13:24:04,1984.40,1,B
13:24:04,1984.40,1,B
13:24:04,1984.40,1,B
13:24:04,1984.40,2,B
13:24:04,1984.40,3,B
13:24:04,1984.40,3,B
13:24:04,1984.40,1,B
13:24:04,1984.40,1,B
13:24:04,1984.40,2,B
13:24:04,1984.40,5,B
13:24:04,1984.50,2,B
13:24:04,1984.50,2,B
13:24:04,1985.00,1,M
13:24:04,1985.00,5,M
13:24:04,1985.00,5,M
13:24:04,1985.00,1,M
13:24:04,1985.00,1,M
13:24:04,1985.00,1,M
13:24:04,1985.00,13,M
13:24:04,1984.90,4,M
13:24:04,1985.00,1,M
13:24:04,1984.90,1,M
13:24:04,1984.90,2,M
13:24:04,1984.90,2,M
13:24:04,1984.90,1,M
13:24:04,1984.90,1,M
13:24:03,1985.00,1,M
13:24:03,1985.00,2,M
13:24:03,1984.40,1,B
13:24:03,1985.00,1,M
13:24:03,1984.60,1,M
13:24:03,1984.50,3,M
13:24:03,1984.50,1,M
13:24:03,1984.50,1,M
13:24:03,1984.50,1,M
13:24:03,1984.50,1,M
13:24:03,1984.50,1,B
13:24:03,1984.60,6,B
13:24:03,1984.60,1,B
13:24:03,1984.60,1,B
13:24:03,1984.70,2,B
13:24:03,1984.70,2,B
13:24:03,1985.00,8,M
13:24:03,1985.00,5,M
13:24:03,1984.60,1,B
13:24:03,1985.00,4,M
13:24:03,1985.00,1,M
13:24:03,1985.00,3,M
13:24:03,1985.00,1,M
13:24:03,1985.00,30,M
13:24:03,1985.00,1,M
13:24:03,1985.00,3,M
13:24:03,1985.00,2,M
13:24:03,1985.00,2,M
13:24:03,1985.00,1,M
13:24:03,1985.00,1,M
13:24:03,1985.00,4,M
13:24:03,1985.00,2,M
13:24:03,1985.00,1,M
13:24:03,1985.00,5,M
13:24:03,1985.00,1,M
13:24:03,1985.00,5,M
13:24:03,1985.00,1,M
13:24:03,1985.00,1,M
13:24:03,1985.00,1,M
13:24:03,1985.00,5,M
13:24:03,1985.00,2,M
13:24:03,1985.00,1,M
13:24:03,1985.00,2,M
13:24:03,1985.00,1,M
13:24:03,1985.00,4,M
13:24:03,1985.00,1,M
13:24:03,1985.00,3,M
13:24:03,1985.00,1,M
13:24:03,1985.00,2,M
13:24:03,1985.00,1,M
13:24:03,1985.00,1,M
13:24:03,1984.90,1,M
13:24:03,1984.90,1,M
13:24:03,1984.90,1,M
13:24:03,1984.90,1,M
13:24:03,1984.90,1,M
13:24:03,1984.60,6,M
13:24:03,1984.40,1,B
13:24:02,1984.90,1,M
13:24:02,1984.90,1,M
13:24:02,1984.90,4,M
13:24:02,1984.80,1,M
13:24:02,1984.70,1,M
13:24:02,1984.70,11,M
13:24:02,1984.40,1,B
13:24:02,1984.60,4,B
13:24:02,1984.60,1,M
13:24:02,1984.70,6,M
13:24:02,1984.70,1,M
13:24:02,1984.70,1,M
13:24:02,1984.70,1,M
13:24:02,1984.60,1,M
13:24:02,1984.60,8,M
13:24:02,1984.60,1,M
13:24:01,1984.60,8,M
13:24:01,1984.60,3,M
13:24:01,1984.60,1,M
13:24:01,1984.60,1,M
13:24:01,1984.60,1,M
13:24:01,1984.40,2,B
13:24:01,1984.40,1,B
13:24:01,1984.40,5,B
13:24:01,1984.40,2,B
13:24:01,1984.40,6,B
13:24:01,1984.40,1,B
13:24:01,1984.40,3,B
13:24:01,1984.80,1,M
13:24:01,1984.40,3,M
13:24:01,1984.40,7,M
13:24:01,1984.40,4,M
13:24:01,1984.40,1,M
13:24:01,1984.40,1,B
13:24:00,1984.30,1,B
13:24:00,1984.30,1,B
13:24:00,1984.40,1,M
13:24:00,1984.40,1,M
13:24:00,1984.40,1,M
13:24:00,1984.40,1,B
13:24:00,1984.40,5,B
13:24:00,1984.60,3,B
13:24:00,1984.70,1,B
13:24:00,1984.80,1,B
13:24:00,1984.80,2,B
13:24:00,1984.80,2,B
13:24:00,1984.90,1,M
13:24:00,1984.90,3,M
13:24:00,1984.80,1,B
13:24:00,1984.90,9,M
13:24:00,1984.90,1,M
13:24:00,1984.90,1,M
13:24:00,1984.90,4,M
13:24:00,1984.90,3,M
13:24:00,1984.90,1,M
13:24:00,1984.90,1,M
13:24:00,1984.90,1,M
13:24:00,1984.90,1,M
13:24:00,1984.90,1,M
13:24:00,1984.80,1,M
13:24:00,1984.80,2,M
13:24:00,1984.80,1,M
13:24:00,1984.80,2,M
13:24:00,1984.80,1,M
13:24:00,1984.70,1,M
13:24:00,1984.70,5,M
13:24:00,1984.60,2,M
13:24:00,1984.60,1,M
13:24:00,1984.60,1,M
13:24:00,1984.60,1,M
13:24:00,1984.40,9,B
13:24:00,1984.40,1,B
13:24:00,1984.60,1,M
13:23:59,1984.60,1,M
13:23:59,1984.60,1,M
13:23:59,1984.60,1,M
13:23:59,1984.60,1,M
13:23:59,1984.60,1,M
13:23:59,1984.50,1,M
13:23:59,1984.50,1,M
13:23:59,1984.50,1,M
13:23:59,1984.50,1,M
13:23:59,1984.50,1,M
13:23:59,1984.50,5,M
13:23:59,1984.50,1,M
13:23:59,1984.50,1,M
13:23:59,1984.50,4,M
13:23:59,1984.50,3,M
13:23:59,1984.50,1,M
13:23:59,1984.50,2,M
13:23:59,1984.40,1,M
13:23:59,1984.40,1,M
13:23:59,1984.40,1,M
13:23:59,1984.30,1,M
13:23:59,1984.30,1,M
13:23:59,1984.30,1,M
13:23:59,1984.30,6,M
13:23:59,1984.20,1,M
13:23:59,1984.20,1,M
13:23:59,1984.20,1,M
13:23:59,1984.20,1,M
13:23:59,1984.20,2,M
13:23:59,1984.10,2,M
13:23:58,1984.10,1,M
13:23:58,1984.10,1,M
13:23:58,1984.10,2,M
13:23:58,1984.10,1,M
13:23:58,1984.10,11,M
13:23:58,1984.10,4,M
13:23:58,1984.10,4,M
13:23:58,1984.00,1,M
13:23:58,1984.00,4,M
13:23:58,1984.00,5,M
13:23:58,1984.00,2,M
13:23:58,1984.00,1,M
13:23:58,1984.00,1,M
13:23:58,1984.00,5,M
13:23:58,1984.00,2,M
13:23:58,1984.00,1,M
13:23:58,1984.00,1,M
13:23:58,1984.00,2,M
13:23:58,1984.00,1,M
13:23:58,1984.00,6,M
13:23:58,1984.00,1,M
13:23:58,1984.00,1,M
13:23:58,1984.00,1,M
13:23:58,1984.00,2,M
13:23:58,1983.80,1,M
13:23:58,1984.00,3,M
13:23:58,1984.00,6,M
13:23:58,1983.90,1,M
13:23:58,1983.90,1,M
13:23:58,1983.90,1,M
13:23:58,1983.90,1,M
13:23:58,1983.90,1,M
13:23:58,1983.80,1,M
13:23:58,1983.80,1,M
13:23:58,1983.80,2,M
13:23:58,1983.80,2,M
13:23:58,1983.80,6,M
13:23:58,1983.60,1,M
13:23:58,1983.20,1,B
13:23:58,1983.30,1,B
13:23:58,1983.30,1,B
13:23:58,1983.40,1,B
13:23:58,1983.50,1,B
13:23:58,1983.90,1,M
13:23:58,1984.00,4,M
13:23:58,1984.00,1,M
13:23:58,1984.00,1,M
13:23:58,1984.00,1,M
13:23:58,1984.00,1,M
13:23:58,1984.00,2,M
13:23:58,1984.00,2,M
13:23:58,1984.00,1,M
13:23:58,1984.00,1,M
13:23:58,1984.00,2,M
13:23:58,1984.00,3,M
13:23:58,1983.90,2,M
13:23:58,1983.60,1,B
13:23:58,1983.90,1,M
13:23:58,1983.90,5,M
13:23:58,1983.90,1,M
13:23:58,1983.90,12,M
13:23:58,1983.90,1,M
13:23:58,1983.90,1,M
13:23:58,1983.90,1,M
13:23:58,1983.90,1,M
13:23:58,1983.90,1,M
13:23:58,1983.90,1,M
13:23:58,1983.90,5,M
13:23:58,1983.90,1,M
13:23:58,1983.90,1,M
13:23:58,1983.90,1,M
13:23:58,1983.80,24,M
13:23:58,1983.80,6,M
13:23:58,1983.70,14,M
13:23:57,1983.80,1,M
13:23:57,1983.80,4,M
13:23:57,1983.80,25,M
13:23:57,1983.80,1,M
13:23:57,1983.80,1,M
13:23:57,1983.80,2,M
13:23:57,1983.80,1,M
13:23:57,1983.60,1,B
13:23:57,1983.80,1,M
13:23:57,1983.80,1,M
13:23:57,1983.70,3,M
13:23:57,1983.70,1,M
13:23:57,1983.70,1,M
13:23:56,1983.70,1,M
13:23:56,1983.60,2,B
13:23:56,1983.70,1,M
13:23:56,1983.70,1,M
13:23:55,1983.80,1,M
13:23:55,1983.80,1,M
13:23:55,1983.80,6,M
13:23:55,1983.70,1,M
13:23:55,1983.60,1,M
13:23:55,1983.60,1,M
13:23:55,1983.60,1,M
13:23:55,1983.50,1,M
13:23:55,1983.50,1,M
13:23:55,1983.50,1,M
13:23:55,1983.50,1,M
13:23:55,1983.00,4,B
13:23:55,1983.10,1,B
13:23:55,1983.50,1,M
13:23:55,1983.50,5,M
13:23:55,1983.50,1,M
13:23:55,1983.50,1,M
13:23:55,1983.50,5,M
13:23:55,1983.50,2,M
13:23:55,1983.20,1,M
13:23:54,1983.30,2,M
13:23:54,1983.30,1,M
13:23:53,1983.00,9,B
13:23:52,1983.00,1,B
13:23:52,1983.30,1,B
13:23:52,1983.30,2,B
13:23:52,1983.30,3,B
13:23:51,1983.30,3,B
13:23:51,1983.30,1,B
13:23:51,1983.30,1,B
13:23:51,1983.50,2,M
13:23:51,1983.50,1,M
13:23:49,1983.00,2,B
13:23:49,1983.50,1,M
13:23:49,1983.40,1,M
13:23:49,1983.40,1,M
13:23:49,1983.40,1,M
13:23:49,1983.40,1,M
13:23:49,1983.40,1,M
13:23:49,1983.40,1,M
13:23:49,1983.40,1,M
13:23:49,1983.30,1,M
13:23:48,1983.30,1,M
13:23:48,1982.80,1,B
13:23:48,1982.80,4,B
13:23:48,1983.30,1,M
13:23:48,1983.30,5,M
13:23:48,1983.30,2,M
13:23:48,1983.20,1,M
13:23:48,1983.10,1,M
13:23:48,1983.00,1,M
13:23:48,1983.00,1,M
13:23:48,1983.00,2,M
13:23:48,1982.80,1,B
13:23:48,1982.80,1,B
13:23:48,1982.80,1,B
13:23:47,1982.80,1,B
13:23:46,1982.80,1,B
13:23:46,1982.80,1,B
13:23:46,1983.00,1,M
13:23:46,1982.90,1,M
13:23:46,1982.70,1,B
13:23:46,1982.80,1,M
13:23:46,1982.80,3,M
13:23:46,1982.80,1,M
13:23:46,1982.70,2,M
13:23:46,1982.50,1,M
13:23:46,1982.50,1,M
13:23:45,1982.50,14,M
13:23:45,1982.40,2,B
13:23:45,1982.50,5,M
13:23:45,1982.40,1,M
13:23:45,1982.40,1,M
13:23:45,1982.40,1,M
13:23:44,1982.40,1,M
13:23:44,1982.20,2,B
13:23:44,1982.20,4,M
13:23:44,1982.00,9,M
13:23:43,1982.00,1,M
13:23:42,1981.70,4,B
13:23:42,1981.70,1,B
13:23:42,1981.70,2,B
13:23:42,1981.70,2,B
13:23:42,1982.00,1,M
13:23:42,1982.00,1,M
13:23:41,1981.70,1,B
13:23:40,1981.70,1,B
13:23:40,1981.80,1,B
13:23:40,1981.80,5,B
13:23:40,1981.80,15,M
13:23:40,1981.70,1,B
13:23:39,1981.70,1,B
13:23:39,1982.00,1,M
13:23:39,1981.70,2,B
13:23:38,1981.90,1,B
13:23:38,1982.00,1,M
13:23:38,1982.00,1,M
13:23:37,1981.70,1,B
13:23:37,1982.00,1,M
13:23:37,1981.80,4,M
13:23:37,1981.70,11,B
13:23:37,1981.70,5,B
13:23:37,1981.80,4,M
13:23:37,1981.80,7,M
13:23:37,1981.80,1,M
13:23:36,1981.70,8,B
13:23:36,1981.80,1,M
13:23:35,1981.70,1,M
13:23:35,1981.70,1,B
13:23:34,1981.70,6,B
13:23:34,1981.70,1,B
13:23:34,1981.70,1,B
13:23:34,1981.80,1,B
13:23:34,1981.80,1,B
13:23:34,1982.00,1,B
13:23:33,1982.00,2,B
13:23:33,1982.00,1,B
13:23:33,1982.00,12,B
13:23:33,1982.00,8,B
13:23:33,1982.00,1,B
13:23:33,1982.00,2,B
13:23:33,1982.00,1,B
13:23:33,1982.00,1,B
13:23:33,1982.00,1,B
13:23:33,1982.00,5,B
13:23:33,1982.00,1,B
13:23:33,1982.00,1,B
13:23:33,1982.00,1,B
13:23:33,1982.00,1,B
13:23:33,1982.00,1,B
13:23:33,1982.00,12,B
13:23:33,1982.00,1,B
13:23:32,1982.00,3,B
13:23:32,1982.00,11,B
13:23:32,1982.10,1,B
13:23:32,1982.20,1,B
13:23:32,1982.30,1,B
13:23:32,1982.30,4,B
13:23:32,1982.40,1,M
13:23:32,1982.40,1,M
13:23:31,1982.50,1,B
13:23:30,1982.20,1,B
13:23:30,1982.20,1,B
13:23:30,1982.20,1,B
13:23:30,1982.20,1,B
13:23:30,1982.30,1,B
13:23:30,1982.40,1,B
13:23:30,1982.40,1,B
13:23:30,1982.40,1,B
13:23:30,1982.40,3,B
13:23:30,1982.50,2,B
13:23:30,1982.50,3,B
13:23:30,1982.50,2,B
13:23:30,1982.50,1,B
13:23:30,1982.50,3,B
13:23:30,1982.50,1,B
13:23:30,1982.50,1,B
13:23:30,1982.50,1,B
13:23:30,1982.90,3,M
13:23:29,1982.90,1,M
13:23:28,1982.50,1,B
13:23:28,1982.50,1,B
13:23:28,1982.50,1,B
13:23:28,1982.60,1,B
13:23:28,1982.60,1,B
13:23:28,1983.00,1,M
13:23:28,1983.00,1,M
13:23:28,1983.00,1,M
13:23:28,1983.00,1,M
13:23:28,1982.90,1,M
13:23:27,1982.50,1,B
13:23:27,1982.60,1,B
13:23:27,1982.60,1,B
13:23:27,1982.60,1,B
13:23:27,1982.60,1,B
13:23:26,1983.00,1,M
13:23:26,1983.00,1,M
13:23:26,1983.00,1,M
13:23:26,1983.00,1,M
13:23:26,1983.00,1,M
13:23:26,1983.00,1,M
13:23:26,1983.00,1,M
13:23:26,1982.50,1,B
13:23:25,1982.50,1,B
13:23:25,1983.00,5,M
13:23:25,1983.00,11,M
13:23:25,1982.50,1,B
13:23:24,1982.50,1,B
13:23:24,1982.50,1,B
13:23:24,1983.00,2,M
13:23:23,1983.00,1,M
13:23:22,1982.50,1,B
13:23:22,1982.70,1,B
13:23:21,1983.00,16,M
13:23:21,1983.00,2,M
13:23:21,1983.00,1,M
13:23:21,1983.00,1,M
13:23:21,1983.00,1,M
13:23:21,1983.00,1,M
13:23:21,1983.00,1,M
13:23:21,1982.80,1,M
13:23:21,1982.80,1,M
13:23:20,1982.80,1,M
13:23:19,1982.70,1,M
13:23:19,1982.50,1,B
13:23:18,1982.60,1,B
13:23:18,1982.60,1,B
13:23:18,1982.60,1,B
13:23:17,1982.60,1,B
13:23:17,1982.60,1,B
13:23:17,1982.50,1,B
13:23:17,1982.50,1,B
13:23:17,1982.60,1,B
13:23:17,1982.60,1,B
13:23:17,1982.80,1,B
13:23:17,1982.80,1,B
13:23:17,1983.00,4,B
13:23:17,1983.00,1,B
13:23:17,1983.00,1,B
13:23:17,1983.00,1,B
13:23:17,1983.00,4,B
13:23:16,1983.00,1,B
13:23:16,1983.10,1,B
13:23:16,1983.40,1,M
13:23:16,1983.40,1,M
13:23:16,1983.00,6,B
13:23:16,1983.00,1,B
13:23:16,1983.00,1,B
13:23:16,1983.00,1,B
13:23:16,1983.00,1,B
13:23:16,1983.00,8,B
13:23:16,1983.10,1,B
13:23:16,1983.10,2,B
13:23:16,1983.10,1,B
13:23:16,1983.10,3,B
13:23:15,1983.10,1,B
13:23:15,1983.60,1,M
13:23:15,1983.20,1,M
13:23:15,1983.10,1,B
13:23:15,1983.10,1,B
13:23:15,1983.10,1,B
13:23:15,1983.10,1,B
13:23:15,1983.20,1,B
13:23:15,1983.20,1,B
13:23:15,1983.30,1,B
13:23:15,1983.30,1,B
13:23:15,1983.50,11,B
13:23:15,1983.50,5,B
13:23:14,1983.70,20,M
13:23:14,1983.50,1,B
13:23:14,1983.50,1,B
13:23:14,1983.50,1,B
13:23:13,1983.80,2,M
13:23:13,1983.80,1,M
13:23:13,1983.80,1,M
13:23:13,1983.80,1,M
13:23:13,1983.80,9,M
13:23:13,1983.70,1,M
13:23:13,1983.70,1,M
13:23:13,1983.70,1,M
13:23:13,1983.70,2,M
13:23:13,1983.70,1,M
13:23:13,1983.70,3,M
13:23:13,1983.70,2,M
13:23:12,1983.40,1,M
13:23:12,1983.70,5,M
13:23:12,1983.50,1,M
13:23:12,1983.50,4,M
13:23:12,1983.20,1,B
13:23:11,1983.30,1,B
13:23:11,1983.40,1,B
13:23:11,1983.50,1,M
13:23:10,1983.70,1,M
13:23:10,1983.70,2,M
13:23:10,1983.70,1,M
13:23:10,1983.70,24,M
13:23:10,1983.60,1,M
13:23:10,1983.60,5,M
13:23:10,1983.60,4,M
13:23:10,1983.60,1,M
13:23:10,1983.50,1,M
13:23:10,1983.30,1,M
13:23:09,1983.50,1,M
13:23:09,1983.50,1,M
13:23:09,1983.00,1,B
13:23:09,1983.00,4,B
13:23:09,1983.10,1,B
13:23:08,1983.00,5,B
13:23:08,1983.50,1,M
13:23:08,1983.50,1,M
13:23:08,1983.50,1,M
13:23:08,1983.50,1,M
13:23:08,1983.30,2,M
13:23:07,1983.00,1,B
13:23:07,1983.00,1,B
13:23:07,1983.30,2,M
13:23:05,1983.00,1,B
13:23:05,1983.30,1,M
13:23:05,1983.20,2,M
13:23:05,1983.20,1,M
13:23:04,1983.20,8,M
13:23:03,1983.30,1,B
13:23:03,1983.50,1,M
13:23:03,1983.40,1,M
13:23:02,1983.30,1,M
13:23:02,1983.20,3,M
13:23:02,1983.20,1,M
13:23:02,1982.90,1,B
13:23:02,1983.20,1,M
13:23:02,1983.10,1,M
13:23:01,1982.90,1,B
13:23:01,1982.90,1,B
13:23:00,1983.30,1,M
13:23:00,1983.50,8,M
13:23:00,1983.40,1,M
13:23:00,1983.30,2,M
13:23:00,1982.90,1,B
13:23:00,1982.90,1,B
13:23:00,1983.20,15,B
13:23:00,1983.30,2,B
13:23:00,1983.40,1,M
13:22:59,1983.30,1,B
13:22:59,1983.50,1,M
13:22:59,1983.50,1,B
13:22:59,1983.50,1,B
13:22:59,1983.70,2,M
13:22:58,1983.30,1,B
13:22:58,1983.70,1,M
13:22:58,1983.70,1,M
13:22:57,1983.70,2,M
13:22:57,1983.70,1,M
13:22:57,1983.70,1,M
13:22:57,1983.70,5,M
13:22:57,1983.70,1,M
13:22:57,1983.50,2,M
13:22:57,1983.50,6,M
13:22:57,1983.50,1,M
13:22:57,1983.50,2,M
13:22:57,1983.50,1,M
13:22:57,1983.40,1,M
13:22:57,1983.40,1,M
13:22:57,1983.40,1,M
13:22:57,1983.40,1,M
13:22:57,1983.40,2,M
13:22:57,1983.30,1,M
13:22:57,1983.30,1,M
13:22:57,1983.20,5,B
13:22:57,1983.20,10,M
13:22:57,1983.20,1,M
13:22:57,1983.10,1,B
13:22:57,1983.20,3,B
13:22:57,1983.30,1,M
13:22:56,1983.20,2,B
13:22:56,1983.20,1,M
13:22:56,1983.20,1,M
13:22:56,1983.20,1,M
13:22:56,1983.20,1,M
13:22:56,1983.20,1,M
13:22:56,1983.10,1,M
13:22:56,1983.00,1,M
13:22:56,1983.00,1,M
13:22:56,1983.00,1,M
13:22:56,1982.90,1,M
13:22:56,1983.00,1,M
13:22:56,1982.90,1,M
13:22:56,1982.90,1,M
13:22:56,1982.40,2,B
13:22:56,1982.50,2,B
13:22:56,1982.50,1,B
13:22:56,1983.00,3,M
13:22:56,1983.00,1,M
13:22:56,1983.00,2,M
13:22:56,1982.90,4,M
13:22:55,1982.90,16,M
13:22:54,1982.90,2,M
13:22:53,1982.70,1,B
13:22:53,1982.70,1,B
13:22:51,1982.90,2,M
13:22:51,1982.90,1,M
13:22:51,1982.80,1,B
13:22:50,1982.40,8,B
13:22:50,1982.50,1,B
13:22:50,1982.50,1,B
13:22:50,1982.50,20,B
13:22:50,1982.50,8,B
13:22:50,1982.60,4,B
13:22:50,1982.60,1,B
13:22:50,1982.60,1,B
13:22:50,1982.60,1,B
13:22:50,1982.60,1,B
13:22:50,1982.60,1,B
13:22:50,1982.70,1,B
13:22:50,1982.90,2,B
13:22:50,1982.60,1,B
13:22:50,1982.80,1,B
13:22:50,1982.80,1,B
13:22:50,1983.40,1,M
13:22:50,1983.20,1,M
13:22:50,1983.20,2,M
13:22:50,1983.10,1,M
13:22:50,1983.10,1,M
13:22:50,1983.00,1,M
13:22:50,1983.00,1,M
13:22:50,1983.00,1,M
13:22:50,1983.00,1,M
13:22:50,1983.00,5,M
13:22:50,1983.00,2,M
13:22:50,1983.00,1,M
13:22:50,1983.00,2,M
13:22:50,1983.00,1,M
13:22:50,1983.00,1,M
13:22:50,1983.00,1,M
13:22:50,1983.00,2,M
13:22:50,1982.90,1,M
13:22:50,1982.90,1,M
13:22:50,1982.90,1,M
13:22:50,1982.90,1,M
13:22:50,1982.90,1,M
13:22:50,1982.80,10,M
13:22:50,1982.70,1,M
13:22:50,1982.70,1,M
13:22:50,1982.70,2,M
13:22:50,1982.60,1,M
13:22:50,1982.60,2,M
13:22:49,1982.50,12,B
13:22:49,1982.50,20,B
13:22:49,1982.50,18,B
13:22:49,1982.50,1,B
13:22:49,1982.60,1,M
13:22:49,1982.50,1,B
13:22:49,1982.70,1,M
13:22:48,1982.70,1,M
13:22:48,1982.50,1,M
13:22:48,1982.50,1,M
13:22:48,1982.40,7,B
13:22:48,1982.40,2,B
13:22:48,1982.40,1,M
13:22:48,1982.40,1,M
13:22:48,1982.40,10,M
13:22:47,1982.40,1,M
13:22:45,1982.00,5,B
13:22:45,1982.00,1,B
13:22:44,1982.00,1,B
13:22:44,1982.00,1,B
13:22:44,1982.40,1,M
13:22:44,1982.00,1,B
13:22:44,1982.40,1,M
13:22:43,1982.40,1,M
13:22:43,1982.00,12,B
13:22:43,1982.10,1,B
13:22:43,1982.20,2,B
13:22:43,1982.40,1,M
13:22:42,1982.40,1,M
13:22:42,1982.40,1,M
13:22:41,1982.50,1,B
13:22:41,1982.50,1,B
13:22:41,1982.50,1,B
13:22:40,1982.70,1,M
13:22:40,1982.70,1,M
13:22:40,1982.60,1,B
13:22:40,1982.70,3,M
13:22:39,1982.70,1,M
13:22:39,1982.70,1,M
13:22:39,1982.60,1,M
13:22:39,1982.70,1,M
13:22:39,1982.60,1,M
13:22:39,1982.10,1,M
13:22:39,1982.80,9,M
13:22:39,1982.70,1,M
13:22:39,1982.60,1,M
13:22:39,1982.50,1,M
13:22:39,1982.50,2,M
13:22:39,1982.40,1,M
13:22:39,1982.40,1,M
13:22:39,1982.40,1,M
13:22:39,1982.30,1,M
13:22:39,1982.10,1,M
13:22:39,1982.10,1,M
13:22:39,1982.10,7,M
13:22:39,1982.00,1,M
13:22:39,1981.90,2,M
13:22:39,1981.50,1,B
13:22:38,1981.70,1,M
13:22:38,1982.10,5,M
13:22:38,1981.90,1,M
13:22:38,1981.90,1,M
13:22:38,1981.90,1,M
13:22:38,1981.80,1,M
13:22:38,1981.80,1,M
13:22:38,1981.80,2,M
13:22:38,1981.70,1,M
13:22:38,1981.70,2,M
13:22:38,1981.70,1,M
13:22:38,1981.50,2,M
13:22:38,1981.30,2,M
13:22:38,1981.20,1,B
13:22:38,1981.20,1,B
13:22:38,1981.30,2,B
13:22:38,1981.30,1,B
13:22:37,1981.30,1,B
13:22:37,1981.20,2,B
13:22:37,1981.20,2,B
13:22:37,1981.30,1,B
13:22:36,1981.70,1,M
13:22:36,1981.60,1,M
13:22:36,1981.60,1,M
13:22:35,1981.90,1,M
13:22:35,1981.10,3,B
13:22:35,1981.00,1,B
13:22:35,1981.00,4,B
13:22:35,1981.10,1,B
13:22:35,1981.10,2,B
13:22:35,1981.30,3,B
13:22:35,1981.30,3,B
13:22:35,1981.40,3,B
13:22:35,1981.50,1,B
13:22:35,1981.60,1,B
13:22:35,1981.60,1,B
13:22:35,1981.60,1,B
13:22:35,1981.60,1,B
13:22:35,1981.60,17,B
13:22:35,1981.60,1,B
13:22:35,1981.70,1,B
13:22:35,1981.80,1,B
13:22:35,1981.90,1,B
13:22:35,1981.90,1,B
13:22:35,1981.90,1,B
13:22:35,1982.00,1,B
13:22:35,1982.00,2,B
13:22:35,1982.10,1,B
13:22:35,1982.10,1,B
13:22:35,1982.10,1,B
13:22:35,1981.70,4,B
13:22:35,1981.70,1,B
13:22:35,1981.70,26,B
13:22:35,1981.80,1,B
13:22:35,1981.80,3,B
13:22:35,1981.80,4,B
13:22:35,1981.90,1,B
13:22:35,1981.90,4,B
13:22:35,1982.00,1,B
13:22:35,1982.00,1,B
13:22:35,1982.00,4,B
13:22:35,1982.60,1,M
13:22:35,1982.40,1,M
13:22:34,1982.30,1,B
13:22:34,1982.40,1,B
13:22:34,1982.40,1,B
13:22:34,1982.40,1,B
13:22:34,1982.70,1,B
13:22:34,1982.90,16,B
13:22:34,1982.90,2,B
13:22:33,1983.00,1,M
13:22:32,1983.00,1,M
13:22:32,1983.00,1,M
13:22:32,1983.00,1,M
13:22:32,1982.90,1,B
13:22:31,1983.00,1,M
13:22:31,1983.00,2,M
13:22:31,1983.00,1,M
13:22:31,1983.00,1,M
13:22:30,1983.00,1,M
13:22:30,1983.00,1,M
13:22:29,1983.00,2,M
13:22:29,1982.90,1,B
13:22:28,1982.90,1,B
13:22:28,1983.00,1,M
13:22:27,1982.90,1,B
13:22:27,1983.00,1,B
13:22:27,1983.00,1,B
13:22:27,1983.00,3,B
13:22:26,1983.00,1,B
13:22:26,1983.00,1,B
13:22:26,1983.00,1,B
13:22:26,1983.00,2,B
13:22:26,1983.10,1,B
13:22:26,1983.00,1,B
13:22:25,1983.10,1,B
13:22:25,1982.90,1,B
13:22:25,1983.50,3,M
13:22:25,1983.50,1,M
13:22:25,1983.50,1,M
13:22:25,1983.50,1,M
13:22:25,1983.50,1,M
13:22:25,1983.40,1,M
13:22:25,1983.40,1,M
13:22:25,1983.30,5,M
13:22:25,1983.00,1,M
13:22:25,1983.00,1,M
13:22:25,1983.00,1,M
13:22:25,1983.00,3,M
13:22:25,1983.00,2,M
13:22:25,1983.00,1,M
13:22:25,1982.90,1,B
13:22:25,1983.00,1,M
13:22:25,1983.00,1,M
13:22:25,1982.90,1,B
13:22:25,1982.90,1,B
13:22:25,1982.90,1,M
13:22:25,1982.80,1,M
13:22:25,1982.80,1,M
13:22:25,1982.70,1,M
13:22:25,1982.70,1,M
13:22:25,1982.70,2,M
13:22:25,1982.70,15,M
13:22:25,1982.60,1,M
13:22:25,1982.60,1,M
13:22:25,1982.50,1,M
13:22:25,1982.50,6,M
13:22:25,1982.50,22,M
13:22:25,1982.50,2,M
13:22:25,1982.50,1,M
13:22:25,1982.50,1,M
13:22:25,1982.40,1,M
13:22:25,1982.40,2,M
13:22:25,1982.30,1,M
13:22:25,1982.20,1,B
13:22:25,1982.20,1,M
13:22:25,1982.20,1,M
13:22:24,1981.80,1,B
13:22:24,1981.80,1,B
13:22:24,1982.10,1,B
13:22:24,1982.10,1,B
13:22:24,1982.10,14,B
13:22:24,1982.10,1,B
13:22:24,1982.10,1,B
13:22:23,1982.20,1,M
13:22:23,1981.70,1,B
13:22:23,1981.70,19,B
13:22:23,1981.80,1,B
13:22:23,1981.80,3,B
13:22:23,1981.80,4,B
13:22:23,1981.80,1,B
13:22:23,1981.90,1,B
13:22:22,1982.30,1,M
13:22:22,1981.80,2,B
13:22:22,1981.80,1,B
13:22:22,1981.90,1,B
13:22:22,1981.90,1,B
13:22:22,1981.90,2,B
13:22:22,1981.90,1,B
13:22:22,1982.00,14,B
13:22:21,1982.00,1,B
13:22:21,1982.40,3,M
13:22:21,1982.40,4,M
13:22:21,1982.40,1,M
13:22:21,1982.40,1,M
13:22:21,1982.40,1,M
13:22:21,1982.30,2,M
13:22:21,1982.30,3,M
13:22:21,1982.40,12,M
13:22:21,1982.30,1,M
13:22:21,1982.30,1,M
13:22:21,1982.30,1,M
13:22:21,1982.30,1,M
13:22:21,1982.30,4,M
13:22:21,1982.30,10,M
13:22:21,1982.20,1,M
13:22:21,1982.20,2,M
13:22:21,1982.20,4,M
13:22:21,1982.10,1,M
13:22:21,1982.00,2,M
13:22:21,1981.70,2,B
13:22:21,1981.70,3,B
13:22:20,1981.80,1,M
13:22:20,1981.70,1,M
13:22:19,1981.40,1,B
13:22:19,1981.70,1,M
13:22:19,1981.40,8,B
13:22:19,1981.70,5,B
13:22:19,1981.70,1,B
13:22:19,1981.70,1,B
13:22:18,1981.70,1,B
13:22:18,1981.50,1,B
13:22:18,1981.50,2,B
13:22:18,1981.50,1,B
13:22:18,1981.50,1,B
13:22:18,1981.50,1,B
13:22:18,1981.50,2,B
13:22:18,1981.50,3,B
13:22:18,1981.70,1,B
13:22:18,1981.70,17,B
13:22:18,1981.80,1,B
13:22:17,1982.30,2,M
13:22:17,1982.20,1,M
13:22:17,1981.70,2,B
13:22:17,1981.50,1,B
13:22:17,1981.50,1,B
13:22:17,1981.90,1,M
13:22:17,1981.90,1,M
13:22:17,1981.90,1,M
13:22:17,1981.90,1,M
13:22:17,1981.70,1,M
13:22:17,1981.60,1,M
13:22:17,1981.50,3,B
13:22:16,1981.50,1,B
13:22:16,1981.50,2,B
13:22:15,1981.50,1,B
13:22:15,1981.30,5,B
13:22:15,1981.30,2,B
13:22:15,1981.50,1,B
13:22:15,1981.50,1,B
13:22:15,1981.60,1,B
13:22:15,1981.70,1,B
13:22:15,1981.70,8,B
13:22:15,1981.80,1,B
13:22:15,1981.80,1,B
13:22:15,1981.80,1,B
13:22:15,1981.90,1,B
13:22:15,1982.00,1,B
13:22:15,1982.00,1,B
13:22:15,1982.00,1,B
13:22:15,1982.00,2,B
13:22:15,1982.10,1,B
13:22:15,1982.20,19,B
13:22:15,1982.30,1,B
13:22:15,1982.30,1,B
13:22:15,1982.30,1,B
13:22:14,1982.50,5,M
13:22:14,1982.50,1,B
13:22:14,1982.50,1,B
13:22:14,1982.50,1,B
13:22:14,1982.50,1,B
13:22:14,1982.50,5,B
13:22:13,1982.50,15,B
13:22:13,1982.60,35,B
13:22:13,1982.70,4,M
13:22:13,1982.60,1,B
13:22:13,1982.70,1,M
13:22:13,1982.60,3,B
13:22:13,1982.70,1,M
13:22:13,1982.70,3,M
13:22:12,1982.70,1,B
13:22:12,1982.70,1,B
13:22:12,1982.70,1,B
13:22:12,1982.70,1,B
13:22:12,1982.70,1,B
13:22:12,1982.70,1,B
13:22:12,1982.70,3,B
13:22:12,1982.70,1,B
13:22:12,1982.70,2,B
13:22:12,1982.70,3,B
13:22:11,1982.90,1,M
13:22:11,1982.70,1,B
13:22:11,1982.70,4,B
13:22:11,1982.70,1,B
13:22:09,1982.70,2,B
13:22:09,1983.00,1,M
13:22:09,1983.00,2,M
13:22:09,1982.80,1,B
13:22:09,1982.80,1,B
13:22:09,1982.80,1,B
13:22:09,1982.90,1,B
13:22:09,1982.90,1,B
13:22:09,1982.90,1,B
13:22:09,1983.00,1,M
13:22:09,1983.00,3,M
13:22:09,1983.00,1,B
13:22:09,1982.90,3,B
13:22:09,1983.00,1,B
13:22:09,1983.00,1,B
13:22:09,1983.00,1,B
13:22:09,1983.00,2,B
13:22:09,1983.00,1,B
13:22:09,1983.00,4,B
13:22:09,1983.20,1,B
13:22:08,1983.00,1,B
13:22:08,1983.50,3,M
13:22:08,1983.40,1,M
13:22:08,1983.20,1,M
13:22:08,1983.00,10,B
13:22:08,1983.00,1,B
13:22:08,1983.00,1,B
13:22:08,1983.00,8,B
13:22:08,1983.00,1,B
13:22:08,1983.00,2,B
13:22:08,1983.00,5,B
13:22:07,1983.00,1,B
13:22:07,1983.40,3,M
13:22:07,1983.10,1,M
13:22:07,1983.00,2,B
13:22:07,1983.00,1,B
13:22:07,1983.00,1,B
13:22:07,1983.00,1,B
13:22:07,1983.00,1,B
13:22:06,1983.00,2,B
13:22:06,1983.00,2,B
13:22:06,1983.10,1,B
13:22:06,1983.20,1,B
13:22:06,1983.20,1,B
13:22:06,1983.20,1,B
13:22:06,1983.10,2,B
13:22:06,1983.10,5,B
13:22:06,1983.20,8,B
13:22:06,1983.20,5,B
13:22:05,1983.20,3,M
13:22:05,1983.10,1,B
13:22:05,1983.20,1,M
13:22:05,1983.20,1,B
13:22:05,1983.20,1,B
13:22:05,1983.20,1,B
13:22:05,1983.20,8,B
13:22:05,1983.20,1,B
13:22:05,1983.20,1,B
13:22:05,1983.40,3,M
13:22:04,1983.20,1,B
13:22:04,1983.20,1,B
13:22:04,1983.20,1,B
13:22:03,1983.20,1,B
13:22:03,1983.20,16,B
13:22:03,1983.20,1,B
13:22:03,1983.20,1,B
13:22:03,1983.30,1,B
13:22:03,1983.50,4,M
13:22:03,1983.50,2,M
13:22:03,1983.50,1,B
13:22:03,1983.50,2,B
13:22:03,1983.50,1,B
13:22:03,1983.50,1,B
13:22:03,1983.50,1,B
13:22:03,1983.50,1,B
13:22:03,1983.50,1,B
13:22:03,1983.50,2,B
13:22:02,1983.50,1,B
13:22:02,1983.90,1,M
13:22:02,1983.80,1,M
13:22:02,1983.50,7,B
13:22:02,1983.70,3,B
13:22:02,1983.80,2,B
13:22:02,1983.80,1,B
13:22:01,1983.70,2,B
13:22:01,1983.70,1,B
13:22:01,1983.90,1,M
13:22:01,1983.80,1,M
13:22:01,1983.80,1,M
13:22:01,1983.90,1,M
13:22:00,1983.90,1,M
13:22:00,1983.50,1,B
13:22:00,1983.90,1,M
13:22:00,1983.90,2,M
13:21:59,1983.50,1,B
13:21:59,1983.70,2,B
13:21:59,1983.90,1,M
13:21:59,1983.90,1,M
13:21:59,1983.90,2,M
13:21:59,1983.80,1,B
13:21:59,1983.90,2,M
13:21:59,1983.90,1,M
13:21:59,1983.90,1,M
13:21:58,1983.90,15,M
13:21:58,1983.90,1,M
13:21:58,1983.80,2,M
13:21:58,1983.80,1,M
13:21:58,1983.80,1,M
13:21:58,1983.80,1,M
13:21:58,1983.70,1,B
13:21:57,1983.80,1,B
13:21:57,1983.90,1,M
13:21:57,1983.90,1,M
13:21:57,1983.90,1,M
13:21:57,1983.90,2,M
13:21:57,1983.90,19,M
13:21:57,1983.90,4,M
13:21:57,1983.80,1,M
13:21:57,1983.80,1,M
13:21:57,1983.80,1,M
13:21:57,1983.70,1,M
13:21:57,1983.70,3,M
13:21:57,1983.50,6,B
13:21:57,1983.70,1,M
13:21:57,1983.70,2,M
13:21:57,1983.70,1,M
13:21:56,1983.70,1,M
13:21:56,1983.80,1,M
13:21:56,1983.80,7,M
13:21:56,1983.60,1,M
13:21:56,1983.50,10,B
13:21:56,1983.80,1,M
13:21:56,1983.80,1,M
13:21:55,1983.80,1,M
13:21:55,1983.80,16,M
13:21:55,1983.80,1,M
13:21:55,1983.80,1,M
13:21:55,1983.50,1,B
13:21:55,1983.60,1,B
13:21:55,1983.70,1,M
13:21:55,1983.70,1,M
13:21:55,1983.70,1,M
13:21:55,1983.70,1,M
13:21:55,1983.70,1,M
13:21:55,1983.50,1,B
13:21:55,1983.50,1,B
13:21:54,1983.80,2,M
13:21:54,1983.80,1,M
13:21:54,1983.70,1,M
13:21:54,1983.70,1,M
13:21:54,1983.50,1,M
13:21:54,1983.60,1,M
13:21:54,1983.60,1,M
13:21:54,1983.60,1,M
13:21:54,1983.60,1,M
13:21:54,1983.50,1,M
13:21:54,1983.50,1,M
13:21:54,1983.50,3,M
13:21:54,1983.50,1,M
13:21:53,1983.00,4,B
13:21:53,1983.00,1,B
13:21:53,1983.50,1,M
13:21:53,1983.50,1,M
13:21:53,1983.50,1,M
13:21:53,1983.50,1,M
13:21:53,1983.50,1,M
13:21:53,1983.50,3,M
13:21:53,1983.00,5,B
13:21:53,1983.00,1,B
13:21:53,1983.30,1,B
13:21:53,1983.50,1,M
13:21:53,1983.50,1,M
13:21:52,1983.50,1,M
13:21:52,1983.50,4,M
13:21:52,1983.50,1,M
13:21:52,1983.50,1,M
13:21:52,1983.50,1,M
13:21:52,1983.50,1,M
13:21:52,1983.50,1,M
13:21:52,1983.50,4,M
13:21:52,1983.40,1,M
13:21:52,1983.40,1,M
13:21:52,1983.40,1,M
13:21:52,1983.40,1,M
13:21:52,1983.20,3,M
13:21:52,1983.20,2,M
13:21:51,1983.00,1,M
13:21:51,1983.00,1,M
13:21:51,1983.00,1,M
13:21:51,1983.00,2,M
13:21:51,1983.00,1,M
13:21:51,1983.00,2,M
13:21:51,1983.00,1,M
13:21:51,1983.00,1,M
13:21:51,1983.00,1,M
13:21:51,1983.00,21,M
13:21:51,1983.00,1,M
13:21:51,1983.00,1,M
13:21:51,1983.00,1,M
13:21:51,1983.00,1,M
13:21:50,1983.00,1,M
13:21:50,1983.00,2,M
13:21:50,1983.00,20,M
13:21:50,1983.00,1,M
13:21:50,1983.00,2,M
13:21:50,1983.00,1,M
13:21:50,1983.00,1,M
13:21:50,1983.00,4,M
13:21:50,1983.00,20,M
13:21:50,1983.00,4,M
13:21:50,1983.00,1,M
13:21:50,1982.90,1,M
13:21:50,1982.90,1,M
13:21:50,1982.90,1,M
13:21:50,1982.90,1,M
13:21:50,1982.90,1,M
13:21:50,1982.90,1,M
13:21:50,1982.90,1,M
13:21:50,1982.80,7,M
13:21:50,1982.80,20,M
13:21:50,1982.50,1,B
13:21:50,1982.50,1,B
13:21:49,1982.80,3,M
13:21:49,1982.80,6,M
13:21:49,1982.80,1,M
13:21:49,1982.70,2,M
13:21:49,1982.70,7,M
13:21:48,1982.50,1,B
13:21:48,1982.70,1,M
13:21:48,1982.70,1,M
13:21:48,1982.70,1,M
13:21:48,1982.70,1,M
13:21:48,1982.70,1,M
13:21:48,1982.70,1,M
13:21:48,1982.70,1,M
13:21:48,1982.70,1,M
13:21:48,1982.70,1,M
13:21:48,1982.70,1,M
13:21:47,1982.50,1,B
13:21:47,1982.50,1,B
13:21:47,1982.70,1,M
13:21:47,1982.70,1,M
13:21:47,1982.60,1,M
13:21:47,1982.60,1,M
13:21:47,1982.60,1,M
13:21:47,1982.60,1,M
13:21:47,1982.60,2,M
13:21:47,1982.50,1,M
13:21:47,1982.40,1,M
13:21:47,1982.30,7,B
13:21:47,1982.30,3,B
13:21:46,1982.50,1,M
13:21:46,1982.50,1,M
13:21:46,1982.30,3,B
13:21:46,1982.50,1,M
13:21:46,1982.50,2,M
13:21:46,1982.40,4,M
13:21:46,1982.40,3,M
13:21:46,1982.40,1,M
13:21:46,1982.40,1,M
13:21:46,1982.30,4,B
13:21:46,1982.40,1,M
13:21:46,1982.40,1,M
13:21:46,1982.40,1,M
13:21:45,1982.40,1,M
13:21:45,1982.40,1,M
13:21:45,1982.30,1,M
13:21:45,1982.30,1,M
13:21:45,1982.30,1,M
13:21:45,1982.20,6,M
13:21:44,1982.10,2,B
13:21:44,1982.10,1,B
13:21:44,1982.20,1,M
13:21:43,1982.10,1,B
13:21:43,1982.10,6,B
13:21:42,1982.10,2,B
13:21:42,1982.10,1,B
13:21:42,1982.30,2,M
13:21:42,1982.30,2,M
13:21:42,1982.20,1,M
13:21:42,1982.20,1,M
13:21:42,1982.20,1,M
13:21:42,1982.10,1,M
13:21:42,1982.10,1,M
13:21:42,1982.00,2,B
13:21:42,1982.00,1,B
13:21:41,1982.00,20,B
13:21:41,1982.00,1,M
13:21:41,1981.70,1,M
13:21:41,1981.60,1,B
13:21:40,1981.60,2,B
13:21:40,1981.70,1,M
13:21:40,1981.70,1,M
13:21:40,1981.70,1,M
13:21:40,1981.70,2,M
13:21:40,1981.70,1,M
13:21:39,1981.90,1,M
13:21:39,1981.60,1,B
13:21:39,1981.60,1,B
13:21:39,1981.50,4,B
13:21:39,1981.60,1,B
13:21:39,1981.60,1,B
13:21:39,1982.00,1,M
13:21:39,1982.00,1,M
13:21:39,1981.50,3,B
13:21:38,1981.50,3,B
13:21:38,1981.60,1,B
13:21:38,1981.60,1,B
13:21:38,1981.90,3,B
13:21:38,1981.90,1,B
13:21:38,1982.00,1,B
13:21:38,1982.00,1,B
13:21:38,1982.00,1,M
13:21:38,1981.90,1,B
13:21:37,1982.00,1,M
13:21:37,1981.50,1,B
13:21:37,1981.50,1,B
13:21:37,1981.60,1,B
13:21:37,1981.60,1,B
13:21:37,1981.60,1,B
13:21:37,1982.10,1,M
13:21:37,1982.10,5,M
13:21:37,1982.00,1,M
13:21:37,1982.00,1,M
13:21:37,1982.00,1,M
13:21:37,1981.90,1,M
13:21:36,1981.50,1,B
13:21:36,1981.50,1,B
13:21:36,1982.00,1,M
13:21:36,1981.60,1,B
13:21:36,1981.50,1,B
13:21:36,1981.50,3,B
13:21:36,1981.50,2,B
13:21:36,1981.50,2,B
13:21:36,1981.50,5,B
13:21:36,1981.50,1,B
13:21:36,1981.60,1,B
13:21:36,1981.60,1,B
13:21:36,1981.60,1,B
13:21:36,1981.80,1,B
13:21:36,1981.80,1,B
13:21:36,1981.80,1,B
13:21:36,1981.80,1,B
13:21:35,1981.90,1,M
13:21:35,1982.00,1,B
13:21:35,1982.00,1,B
13:21:35,1982.00,2,B
13:21:35,1982.00,1,B
13:21:35,1982.20,1,M
13:21:35,1982.10,1,M
13:21:35,1982.10,1,M
13:21:35,1982.10,1,M
13:21:35,1982.10,1,M
13:21:35,1982.10,10,B
13:21:35,1982.10,13,B
13:21:34,1982.10,17,B
13:21:34,1982.10,1,B
13:21:34,1982.10,2,B
13:21:34,1982.10,10,B
13:21:34,1982.10,1,B
13:21:34,1982.10,1,B
13:21:34,1982.10,1,B
13:21:34,1982.10,3,B
13:21:34,1982.10,1,B
13:21:34,1982.10,1,B
13:21:34,1982.10,2,B
13:21:34,1982.10,1,B
13:21:34,1982.10,1,B
13:21:34,1982.10,5,B
13:21:34,1982.10,4,B
13:21:34,1982.10,1,B
13:21:34,1982.10,1,B
13:21:34,1982.10,1,B
13:21:34,1982.20,1,M
13:21:34,1982.50,1,M
13:21:34,1982.10,1,B
13:21:34,1982.10,6,B
13:21:34,1982.10,4,B
13:21:34,1982.30,1,B
13:21:34,1982.30,1,B
13:21:34,1982.30,2,B
13:21:34,1982.30,3,B
13:21:34,1982.30,2,B
13:21:33,1982.50,1,M
13:21:33,1982.40,1,M
13:21:33,1982.30,1,B
13:21:33,1982.30,4,B
13:21:33,1982.30,6,B
13:21:33,1982.30,12,B
13:21:32,1982.30,18,B
13:21:32,1982.40,2,B
13:21:31,1982.30,8,B
13:21:31,1982.40,2,B
13:21:31,1982.50,1,B
13:21:31,1982.50,1,B
13:21:31,1982.50,2,B
13:21:29,1982.60,1,B
13:21:29,1982.60,7,B
13:21:29,1982.70,2,M
13:21:29,1982.70,2,M
13:21:29,1982.70,1,M
13:21:29,1982.60,1,B
13:21:29,1982.70,1,M
13:21:29,1982.60,1,B
13:21:28,1982.70,1,M
13:21:28,1982.60,1,B
13:21:27,1982.70,1,M
13:21:27,1982.60,1,B
13:21:26,1982.70,1,B
13:21:26,1982.70,1,B
13:21:26,1982.70,1,B
13:21:26,1982.60,1,B
13:21:26,1982.90,3,M
13:21:26,1982.60,1,B
13:21:26,1982.70,4,B
13:21:26,1982.90,2,M
13:21:26,1982.90,1,M
13:21:25,1982.90,3,M
13:21:25,1982.90,1,M
13:21:25,1982.90,3,M
13:21:25,1982.90,1,M
13:21:25,1982.90,1,M
13:21:25,1982.80,4,M
13:21:25,1982.80,2,M
13:21:25,1982.70,1,M
13:21:24,1982.90,1,M
13:21:24,1982.90,1,M
13:21:24,1982.30,7,B
13:21:24,1982.40,3,B
13:21:24,1982.40,1,B
13:21:24,1982.40,1,B
13:21:24,1982.40,3,B
13:21:24,1982.40,1,B
13:21:24,1982.30,1,B
13:21:24,1982.40,1,B
13:21:24,1982.40,1,B
13:21:24,1982.50,1,B
13:21:24,1982.50,1,B
13:21:24,1982.50,1,B
13:21:24,1982.50,1,B
13:21:24,1982.60,3,B
13:21:23,1983.00,2,M
13:21:23,1983.00,1,M
13:21:23,1983.00,1,M
13:21:23,1983.00,2,M
13:21:23,1983.00,2,M
13:21:23,1982.90,1,M
13:21:23,1982.70,2,M
13:21:23,1982.80,1,B
13:21:23,1982.80,1,B
13:21:23,1983.00,1,M
13:21:23,1982.60,1,B
13:21:23,1982.60,2,B
13:21:23,1982.60,1,B
13:21:23,1983.00,1,M
13:21:22,1982.60,3,B
13:21:22,1983.00,1,M
13:21:22,1982.60,1,B
13:21:22,1982.60,1,B
13:21:22,1983.00,1,M
13:21:22,1983.00,1,M
13:21:22,1983.00,1,M
13:21:22,1983.00,3,M
13:21:22,1983.00,2,M
13:21:22,1983.00,1,M
13:21:22,1983.00,1,M
13:21:22,1983.00,1,M
13:21:22,1983.00,4,M
13:21:22,1983.00,2,M
13:21:22,1983.00,1,M
13:21:22,1983.00,9,M
13:21:22,1983.00,1,M
13:21:22,1983.00,1,M
13:21:22,1983.00,2,M
13:21:22,1982.90,2,M
13:21:22,1982.70,1,M
13:21:22,1982.70,1,M
13:21:22,1982.80,1,M
13:21:22,1982.70,1,M
13:21:22,1982.60,1,B
13:21:21,1982.70,1,M
13:21:21,1982.70,1,M
13:21:20,1982.60,1,B
13:21:20,1982.60,6,M
13:21:20,1982.30,5,B
13:21:20,1982.30,1,B
13:21:20,1982.60,1,M
13:21:20,1982.30,1,B
13:21:19,1982.30,8,B
13:21:19,1982.60,1,M
13:21:19,1982.60,3,M
13:21:19,1982.60,1,M
13:21:19,1982.60,1,M
13:21:19,1982.50,3,M
13:21:19,1982.50,1,M
13:21:19,1982.50,1,M
13:21:19,1982.40,3,M
13:21:19,1982.30,1,B
13:21:19,1982.40,1,M
13:21:19,1982.40,10,M
13:21:18,1982.30,2,B
13:21:18,1982.30,1,B
13:21:18,1982.30,2,B
13:21:18,1982.40,1,M
13:21:18,1982.40,5,M
13:21:18,1982.40,1,M
13:21:18,1982.40,5,M
13:21:17,1982.30,1,B
13:21:17,1982.40,1,M
13:21:17,1982.30,1,B
13:21:17,1982.50,1,M
13:21:17,1982.50,1,M
13:21:17,1982.50,1,M
13:21:17,1982.50,2,M
13:21:17,1982.30,5,B
13:21:16,1982.50,1,M
13:21:16,1982.50,1,M
13:21:16,1982.30,1,B
13:21:16,1982.30,1,B
13:21:16,1982.40,1,M
13:21:16,1982.40,1,M
13:21:16,1982.40,7,M
13:21:16,1982.30,1,B
13:21:15,1982.30,2,M
13:21:15,1982.30,3,M
13:21:15,1982.30,1,M
13:21:15,1982.30,2,M
13:21:15,1982.30,1,M
13:21:15,1982.10,1,M
13:21:14,1982.40,1,M
13:21:14,1981.80,1,B
13:21:14,1981.90,1,B
13:21:14,1982.00,1,B
13:21:14,1982.00,1,B
13:21:14,1982.00,1,B
13:21:14,1982.10,3,B
13:21:14,1982.20,1,M
13:21:14,1982.20,1,M
13:21:14,1982.20,1,M
13:21:14,1982.20,1,M
13:21:14,1982.50,6,M
13:21:14,1982.50,1,M
13:21:14,1982.50,6,M
13:21:14,1982.50,1,M
13:21:14,1982.50,4,M
13:21:14,1982.30,1,M
13:21:14,1982.30,1,M
13:21:13,1982.00,1,B
13:21:13,1982.10,1,B
13:21:13,1982.30,1,B
13:21:12,1982.50,1,M
13:21:12,1982.50,1,M
13:21:12,1982.50,2,M
13:21:12,1982.40,1,M
13:21:12,1982.40,2,M
13:21:12,1982.40,1,M
13:21:12,1982.40,1,M
13:21:12,1982.30,1,B
13:21:11,1982.50,1,M
13:21:11,1981.90,6,B
13:21:11,1981.90,10,B
13:21:11,1981.90,1,B
13:21:11,1981.90,2,B
13:21:11,1982.00,1,B
13:21:11,1982.00,1,B
13:21:11,1982.00,1,B
13:21:11,1982.00,1,B
13:21:11,1982.00,1,B
13:21:11,1982.20,10,B
13:21:11,1982.20,3,B
13:21:11,1982.50,1,M
13:21:11,1982.50,4,M
13:21:11,1982.50,1,M
13:21:11,1982.50,2,M
13:21:10,1982.10,1,B
13:21:10,1982.10,1,B
13:21:10,1982.50,1,M
13:21:10,1982.20,1,B
13:21:10,1982.30,1,B
13:21:09,1982.50,2,M
13:21:09,1982.50,9,M
13:21:09,1982.50,1,M
13:21:09,1982.40,1,M
13:21:09,1982.40,2,M
13:21:09,1982.40,2,M
13:21:09,1982.30,1,M
13:21:09,1982.20,5,M
13:21:09,1982.20,1,M
13:21:09,1982.20,2,M
13:21:09,1982.20,3,M
13:21:09,1982.10,1,M
13:21:09,1982.10,1,M
13:21:09,1982.10,12,M
13:21:09,1982.00,1,B
13:21:09,1982.00,1,B
13:21:08,1982.10,12,M
13:21:08,1982.00,3,M
13:21:08,1982.10,3,M
13:21:08,1981.80,1,M
13:21:07,1982.10,1,M
13:21:07,1982.10,1,M
13:21:07,1982.00,2,M
13:21:07,1982.00,2,M
13:21:07,1981.90,1,B
13:21:07,1982.00,1,M
13:21:07,1981.90,3,B
13:21:07,1981.90,1,M
13:21:07,1981.80,1,B
13:21:06,1981.90,1,M
13:21:05,1981.80,1,M
13:21:05,1981.80,1,M
13:21:04,1982.00,1,M
13:21:04,1982.00,1,M
13:21:04,1982.00,1,M
13:21:04,1981.50,1,B
13:21:04,1982.00,1,M
13:21:04,1981.90,1,M
13:21:04,1981.90,1,M
13:21:04,1981.40,1,B
13:21:03,1981.90,1,M
13:21:03,1981.90,1,M
13:21:03,1981.80,1,M
13:21:03,1981.40,1,B
13:21:03,1981.30,1,M
13:21:03,1981.30,2,B
13:21:03,1981.50,1,B
13:21:03,1982.00,1,M
13:21:03,1982.00,3,M
13:21:03,1982.00,1,M
13:21:03,1982.00,1,M
13:21:03,1982.00,3,M
13:21:03,1982.00,10,M
13:21:03,1982.00,2,M
13:21:03,1982.00,2,M
13:21:03,1981.90,1,M
13:21:03,1981.90,1,M
13:21:03,1981.90,1,M
13:21:03,1981.90,1,M
13:21:03,1981.90,1,M
13:21:03,1981.90,1,M
13:21:03,1981.90,1,M
13:21:03,1981.90,8,M
13:21:03,1981.90,1,M
13:21:03,1981.80,1,M
13:21:03,1981.80,10,M
13:21:03,1981.80,10,M
13:21:03,1981.80,2,M
13:21:03,1981.80,1,M
13:21:03,1981.70,1,M
13:21:03,1981.60,1,M
13:21:03,1981.60,1,M
13:21:03,1981.60,1,M
13:21:03,1981.60,1,M
13:21:03,1981.60,1,M
13:21:03,1981.60,1,M
13:21:02,1981.50,1,B
13:21:02,1981.50,1,B
13:21:02,1981.60,1,M
13:21:02,1981.60,1,M
13:21:02,1981.50,1,B
13:21:02,1981.40,1,B
13:21:02,1981.40,1,B
13:21:02,1981.40,1,M
13:21:01,1981.20,3,B
13:21:01,1981.50,1,B
13:21:00,1981.50,1,B
13:21:00,1981.60,1,M
13:21:00,1981.50,1,B
13:21:00,1981.50,2,B
13:21:00,1981.60,1,M
13:21:00,1981.50,2,B
13:21:00,1981.50,1,M
13:21:00,1981.50,1,M
13:21:00,1981.50,2,M
13:21:00,1981.40,3,M
13:21:00,1981.40,1,M
13:21:00,1981.40,2,M
13:21:00,1981.40,2,M
13:21:00,1981.40,1,M
13:20:59,1981.20,1,B
13:20:59,1980.80,2,B
13:20:59,1980.80,2,B
13:20:59,1980.90,1,B
13:20:59,1981.00,1,B
13:20:59,1981.10,4,B
13:20:59,1981.10,10,B
13:20:59,1981.10,1,B
13:20:59,1981.10,1,B
13:20:58,1981.60,2,M
13:20:58,1981.60,1,B
13:20:58,1981.60,1,M
13:20:58,1981.60,1,M
13:20:58,1981.50,1,M
13:20:58,1981.50,1,M
13:20:58,1981.50,4,M
13:20:58,1981.30,1,M
13:20:58,1981.20,1,M
13:20:58,1980.90,3,M
13:20:58,1980.90,1,B
13:20:58,1981.00,1,B
13:20:58,1981.00,9,B
13:20:58,1981.10,1,B
13:20:58,1981.10,1,B
13:20:58,1981.10,1,B
13:20:58,1981.10,1,B
13:20:58,1981.10,4,B
13:20:58,1981.50,18,B
13:20:58,1981.50,1,B
13:20:58,1981.50,1,B
13:20:58,1981.60,5,M
13:20:58,1981.60,3,M
13:20:57,1981.60,1,M
13:20:57,1981.60,1,M
13:20:57,1981.60,1,M
13:20:57,1981.50,1,M
13:20:57,1981.40,3,M
13:20:56,1981.20,2,M
13:20:56,1981.20,1,M
13:20:56,1981.00,1,M
13:20:56,1980.90,1,M
13:20:56,1980.60,1,B
13:20:55,1980.90,16,M
13:20:55,1980.70,1,M
13:20:55,1980.90,1,M
13:20:55,1980.90,1,M
13:20:55,1980.90,1,M
13:20:55,1980.90,4,M
13:20:55,1980.90,1,M
13:20:55,1980.90,1,M
13:20:55,1980.80,1,M
13:20:55,1980.70,1,M
13:20:55,1980.60,5,B
13:20:55,1980.60,1,B
13:20:54,1980.70,1,M
13:20:54,1980.60,6,M
13:20:54,1980.50,2,M
13:20:54,1980.60,1,M
13:20:53,1980.60,1,M
13:20:53,1980.60,2,M
13:20:53,1980.60,1,M
13:20:53,1980.60,1,M
13:20:53,1980.60,1,M
13:20:53,1980.60,1,M
13:20:53,1980.60,1,M
13:20:53,1980.50,4,M
13:20:53,1980.40,1,B
13:20:52,1980.90,3,M
13:20:52,1980.90,1,M
13:20:52,1980.80,1,M
13:20:52,1980.80,14,M
13:20:52,1980.80,2,M
13:20:52,1980.80,2,M
13:20:52,1980.80,1,M
13:20:52,1980.80,1,M
13:20:52,1980.80,2,M
13:20:52,1980.80,1,M
13:20:52,1980.80,1,M
13:20:52,1980.70,1,M
13:20:52,1980.30,1,B
13:20:52,1980.60,1,M
13:20:52,1980.40,1,B
13:20:51,1980.10,1,B
13:20:51,1980.10,1,B
13:20:51,1980.90,1,M
13:20:51,1980.10,1,B
13:20:51,1980.00,1,B
13:20:51,1980.00,11,B
13:20:51,1980.00,5,B
13:20:51,1980.00,2,B
13:20:51,1980.10,1,B
13:20:51,1980.10,1,B
13:20:51,1980.10,2,B
13:20:51,1980.10,1,B
13:20:51,1980.10,1,B
13:20:51,1980.10,2,B
13:20:51,1980.10,1,B
13:20:51,1980.30,1,B
13:20:51,1980.30,1,B
13:20:51,1980.60,2,B
13:20:51,1980.60,1,B
13:20:51,1980.60,1,B
13:20:51,1980.60,2,B
13:20:51,1980.70,1,B
13:20:51,1980.80,1,B
13:20:51,1980.80,1,B
13:20:50,1981.10,1,M
13:20:50,1981.00,1,M
13:20:50,1980.60,1,B
13:20:50,1980.70,5,B
13:20:50,1980.80,1,B
13:20:50,1980.80,2,B
13:20:50,1980.80,1,B
13:20:50,1980.80,3,B
13:20:50,1980.90,1,B
13:20:50,1980.90,4,B
13:20:50,1980.90,14,B
13:20:50,1980.90,2,B
13:20:50,1980.90,25,B
13:20:50,1980.90,1,B
13:20:50,1980.90,8,B
13:20:50,1981.00,2,B
13:20:50,1981.00,2,B
13:20:50,1981.00,2,B
13:20:50,1981.00,5,B
13:20:50,1981.00,1,B
13:20:50,1981.00,9,B
13:20:50,1981.10,1,B
13:20:50,1981.10,4,B
13:20:50,1981.10,1,B
13:20:50,1981.10,1,B
13:20:50,1981.10,2,B
13:20:50,1981.20,1,B
13:20:50,1981.20,1,B
13:20:50,1981.50,1,M
13:20:50,1981.30,1,B
13:20:50,1981.80,2,M
13:20:50,1981.70,1,M
13:20:50,1981.70,1,M
13:20:50,1981.70,1,M
13:20:50,1981.70,2,M
13:20:50,1981.60,1,M
13:20:50,1981.60,1,M
13:20:50,1981.60,9,M
13:20:50,1981.00,3,B
13:20:50,1981.10,1,B
13:20:50,1981.20,15,B
13:20:50,1981.60,1,M
13:20:50,1981.20,1,M
13:20:49,1981.10,1,B
13:20:49,1981.10,1,B
13:20:49,1981.20,1,M
13:20:49,1981.10,1,B
13:20:49,1981.10,1,B
13:20:49,1981.20,1,B
13:20:48,1981.30,1,B
13:20:48,1981.20,1,B
13:20:48,1981.20,9,B
13:20:48,1981.30,1,B
13:20:48,1981.30,1,B
13:20:48,1981.30,1,B
13:20:48,1981.30,1,B
13:20:48,1981.30,3,B
13:20:48,1981.40,1,B
13:20:48,1981.40,1,B
13:20:47,1981.80,1,M
13:20:46,1981.80,1,M
13:20:46,1981.80,1,M
13:20:46,1981.80,1,M
13:20:46,1981.80,1,M
13:20:46,1981.30,1,B
13:20:46,1981.30,2,B
13:20:46,1981.30,1,B
13:20:46,1981.30,2,B
13:20:46,1981.30,1,B
13:20:46,1981.30,1,B
13:20:46,1981.40,1,B
13:20:46,1981.40,4,B
13:20:46,1981.50,4,B
13:20:46,1981.50,1,B
13:20:46,1981.60,1,B
13:20:46,1981.60,1,B
13:20:45,1981.80,1,M
13:20:45,1981.60,2,B
13:20:45,1981.80,1,M
13:20:45,1981.80,4,M
13:20:44,1981.60,1,B
13:20:44,1981.90,4,M
13:20:44,1981.90,1,M
13:20:44,1981.80,1,M
13:20:44,1981.60,1,B
13:20:44,1981.60,1,B
13:20:44,1981.60,1,B
13:20:44,1981.60,1,B
13:20:43,1981.40,1,B
13:20:43,1981.40,1,B
13:20:43,1981.50,1,B
13:20:43,1981.50,1,B
13:20:43,1982.10,20,M
13:20:43,1982.00,1,M
13:20:43,1982.00,1,M
13:20:43,1982.00,2,M
13:20:43,1982.00,1,M
13:20:43,1982.00,2,M
13:20:43,1981.90,1,M
13:20:43,1981.90,4,M
13:20:43,1981.90,1,M
13:20:43,1981.90,2,M
13:20:43,1981.90,1,M
13:20:43,1981.80,1,M
13:20:43,1981.80,3,M
13:20:43,1981.80,4,M
13:20:43,1981.80,1,M
13:20:43,1981.60,1,M
13:20:42,1981.40,1,B
13:20:42,1981.40,2,B
13:20:42,1981.40,1,B
13:20:42,1981.50,1,M
13:20:42,1981.50,1,M
13:20:42,1981.50,11,M
13:20:42,1981.50,1,M
13:20:42,1981.50,2,M
13:20:42,1981.50,4,M
13:20:42,1981.50,1,M
13:20:42,1981.50,2,M
13:20:42,1981.50,1,M
13:20:42,1981.50,1,M
13:20:42,1981.30,2,B
13:20:42,1981.40,2,B
13:20:41,1981.50,2,M
13:20:41,1982.00,2,M
13:20:41,1981.30,27,B
13:20:41,1981.40,4,B
13:20:41,1981.40,1,B
13:20:41,1982.10,1,M
13:20:41,1982.10,1,M
13:20:41,1982.10,4,M
13:20:41,1982.10,4,M
13:20:41,1982.10,1,M
13:20:41,1982.00,1,M
13:20:41,1982.00,2,M
13:20:41,1982.00,1,M
13:20:41,1982.00,6,M
13:20:41,1982.00,2,M
13:20:41,1982.00,2,M
13:20:41,1982.00,3,M
13:20:41,1981.90,1,M
13:20:41,1981.90,2,M
13:20:41,1981.90,1,M
13:20:41,1981.90,16,M
13:20:41,1981.80,2,M
13:20:41,1981.80,1,M
13:20:41,1981.60,3,M
13:20:41,1981.60,1,M
13:20:41,1981.80,1,M
13:20:41,1981.80,1,M
13:20:41,1981.80,1,M
13:20:41,1981.30,6,B
13:20:41,1981.80,1,M
13:20:41,1981.30,16,B
13:20:41,1981.40,1,B
13:20:41,1981.40,1,B
13:20:41,1981.40,2,B
13:20:41,1981.50,10,B
13:20:41,1981.60,1,B
13:20:41,1981.60,1,B
13:20:41,1981.80,1,B
13:20:41,1981.90,4,M
13:20:41,1981.90,4,M
13:20:41,1981.90,1,M
13:20:40,1981.90,1,M
13:20:40,1981.90,2,M
13:20:40,1981.90,1,M
13:20:40,1981.90,5,M
13:20:40,1981.80,2,M
13:20:40,1981.80,6,M
13:20:40,1981.80,1,M
13:20:40,1981.80,3,M
13:20:40,1981.60,1,B
13:20:39,1981.80,2,M
13:20:39,1981.80,3,M
13:20:39,1981.80,1,M
13:20:39,1981.80,6,M
13:20:39,1981.60,1,B
13:20:39,1981.60,1,B
13:20:39,1981.80,2,B
13:20:39,1981.80,3,B
13:20:39,1981.80,1,B
13:20:38,1981.80,1,B
13:20:37,1981.60,1,B
13:20:37,1981.80,5,B
13:20:37,1981.90,3,M
13:20:36,1981.60,1,B
13:20:36,1981.80,1,M
13:20:36,1981.80,1,M
13:20:36,1981.80,1,M
13:20:36,1981.60,1,B
13:20:36,1981.70,2,M
13:20:35,1981.50,1,B
13:20:35,1981.80,1,M
13:20:35,1981.30,1,B
13:20:35,1981.30,1,B
13:20:35,1981.40,1,B
13:20:35,1981.80,3,M
13:20:35,1981.80,1,M
13:20:35,1981.40,1,B
13:20:35,1981.40,1,B
13:20:35,1981.30,1,B
13:20:35,1981.80,4,B
13:20:34,1981.90,1,M
13:20:34,1981.90,1,M
13:20:34,1981.80,1,B
13:20:34,1981.80,1,B
13:20:34,1981.80,2,M
13:20:34,1981.80,1,M
13:20:34,1981.80,1,M
13:20:34,1981.80,5,M
13:20:34,1981.30,2,B
13:20:34,1981.80,1,M
13:20:34,1981.80,1,M
13:20:33,1981.30,1,B
13:20:33,1981.80,2,M
13:20:33,1981.70,10,M
13:20:33,1981.70,1,M
13:20:33,1981.70,20,M
13:20:33,1981.70,8,M
13:20:33,1981.70,1,M
13:20:33,1981.70,3,M
13:20:33,1981.60,1,M
13:20:33,1981.50,1,M
13:20:33,1981.50,2,M
13:20:33,1981.50,1,M
13:20:33,1981.50,1,M
13:20:32,1981.30,1,B
13:20:32,1981.30,8,B
13:20:32,1981.30,2,M
13:20:32,1981.30,1,M
13:20:31,1981.20,1,B
13:20:31,1981.20,2,B
13:20:31,1981.20,1,B
13:20:31,1981.20,5,B
13:20:31,1981.20,1,B
13:20:31,1981.10,1,M
13:20:31,1980.90,1,B
13:20:31,1981.00,10,M
13:20:31,1980.90,2,B
13:20:30,1981.00,2,M
13:20:30,1981.00,2,M
13:20:30,1981.00,1,B
13:20:30,1981.10,1,B
13:20:30,1981.20,4,B
13:20:30,1981.20,1,B
13:20:30,1981.70,1,M
13:20:29,1981.30,1,M
13:20:29,1981.30,6,M
13:20:29,1981.30,2,M
13:20:29,1981.30,2,M
13:20:29,1981.20,1,M
13:20:28,1981.00,1,B
13:20:28,1981.00,1,B
13:20:28,1981.30,1,M
13:20:28,1981.10,1,B
13:20:28,1981.30,1,B
13:20:28,1981.70,1,M
13:20:28,1981.30,4,B
13:20:28,1981.30,1,B
13:20:27,1981.70,1,M
13:20:27,1981.70,1,M
13:20:27,1981.70,3,M
13:20:27,1981.60,1,M
13:20:27,1981.60,1,M
13:20:27,1981.50,2,M
13:20:27,1981.50,1,M
13:20:27,1981.50,1,M
13:20:27,1981.50,1,M
13:20:27,1981.50,1,M
13:20:27,1981.30,1,M
13:20:27,1981.00,4,B
13:20:27,1981.00,2,M
13:20:26,1981.00,1,M
13:20:26,1981.00,1,M
13:20:26,1981.00,1,M
13:20:26,1981.00,1,M
13:20:26,1980.90,1,B
13:20:26,1981.00,30,M
13:20:26,1981.00,1,B
13:20:26,1981.00,1,B
13:20:26,1981.00,2,B
13:20:26,1981.00,2,B
13:20:26,1981.10,3,B
13:20:26,1981.10,4,B
13:20:26,1981.50,1,B
13:20:26,1981.80,2,M
13:20:26,1981.30,1,B
13:20:26,1981.30,1,B
13:20:26,1981.40,1,B
13:20:26,1981.40,1,B
13:20:26,1981.80,1,M
13:20:26,1981.80,1,M
13:20:26,1981.80,1,M
13:20:26,1981.80,1,M
13:20:26,1981.80,1,M
13:20:26,1981.40,1,B
13:20:25,1981.40,1,B
13:20:25,1981.40,1,M
13:20:25,1981.80,1,M
13:20:25,1981.90,1,M
13:20:25,1981.90,1,M
13:20:25,1981.90,2,M
13:20:25,1981.90,2,M
13:20:25,1982.00,2,M
13:20:25,1980.80,1,B
13:20:25,1981.90,1,M
13:20:25,1981.50,1,M
13:20:25,1981.50,1,M
13:20:25,1981.50,1,M
13:20:25,1981.40,1,M
13:20:25,1981.40,1,M
13:20:25,1981.40,5,M
13:20:25,1981.30,1,M
13:20:25,1981.20,2,M
13:20:25,1981.00,1,M
13:20:25,1981.00,1,M
13:20:25,1981.00,5,M
13:20:25,1980.90,1,M
13:20:25,1980.90,1,M
13:20:25,1980.90,1,M
13:20:25,1980.90,1,M
13:20:25,1980.90,1,M
13:20:25,1980.90,1,M
13:20:25,1980.90,1,M
13:20:25,1980.80,1,B
13:20:25,1980.90,1,M
13:20:24,1980.90,1,B
13:20:24,1981.00,1,M
13:20:24,1980.90,3,M
13:20:24,1980.80,1,B
13:20:24,1981.00,6,M
13:20:24,1980.90,3,M
13:20:24,1980.90,1,M
13:20:24,1980.90,1,M
13:20:24,1980.60,1,B
13:20:24,1980.90,1,M
13:20:23,1980.90,2,M
13:20:23,1980.90,3,M
13:20:23,1980.90,1,M
13:20:23,1980.90,5,M
13:20:23,1980.70,2,M
13:20:23,1980.90,1,M
13:20:22,1980.90,2,M
13:20:22,1980.80,2,M
13:20:22,1980.80,1,M
13:20:22,1980.70,1,M
13:20:22,1980.70,1,M
13:20:22,1980.70,1,M
13:20:22,1980.70,2,M
13:20:22,1980.40,1,B
13:20:22,1980.70,1,M
13:20:22,1980.70,1,M
13:20:21,1980.70,2,M
13:20:21,1980.70,4,M
13:20:21,1980.60,1,M
13:20:21,1980.40,8,M
13:20:21,1980.40,4,M
13:20:21,1980.30,1,M
13:20:21,1980.30,15,M
13:20:21,1980.10,1,B
13:20:20,1980.10,1,B
13:20:20,1980.30,1,M
13:20:20,1980.00,1,M
13:20:20,1980.00,1,M
13:20:20,1980.00,1,M
13:20:20,1980.30,14,M
13:20:20,1980.20,1,M
13:20:20,1980.20,1,M
13:20:20,1980.10,4,M
13:20:20,1980.00,3,B
13:20:19,1980.00,1,M
13:20:19,1980.00,30,M
13:20:19,1980.00,2,M
13:20:19,1980.00,1,M
13:20:19,1980.00,1,M
13:20:19,1980.00,1,M
13:20:19,1980.00,2,M
13:20:19,1980.00,3,M
13:20:19,1980.00,1,M
13:20:19,1980.00,7,M
13:20:19,1980.00,1,M
13:20:19,1980.00,1,M
13:20:19,1980.00,1,M
13:20:19,1979.90,2,M
13:20:19,1979.80,1,B
13:20:19,1979.80,1,B
13:20:19,1980.00,1,M
13:20:19,1979.80,1,B
13:20:19,1979.90,1,B
13:20:19,1979.90,1,B
13:20:19,1979.90,1,B
13:20:18,1979.90,3,B
13:20:18,1979.90,3,M
13:20:18,1979.90,1,M
13:20:18,1979.90,1,M
13:20:18,1979.90,15,M
13:20:18,1979.90,3,B
13:20:18,1979.90,2,B
13:20:18,1979.90,1,B
13:20:18,1980.00,7,M
13:20:18,1980.00,1,M
13:20:18,1979.90,3,B
13:20:18,1979.90,4,B
13:20:18,1979.90,1,B
13:20:17,1979.90,1,M
13:20:17,1979.90,1,M
13:20:17,1979.90,1,M
13:20:17,1979.90,1,M
13:20:17,1979.90,2,M
13:20:17,1979.90,2,M
13:20:17,1979.90,1,M
13:20:17,1979.50,2,B
13:20:17,1979.50,3,B
13:20:17,1979.50,2,B
13:20:17,1979.50,2,B
13:20:17,1979.50,1,B
13:20:17,1979.50,2,B
13:20:17,1979.90,1,M
13:20:17,1979.90,2,M
13:20:17,1979.90,1,M
13:20:17,1979.90,1,M
13:20:17,1979.90,1,M
13:20:17,1979.80,1,M
13:20:16,1979.50,1,B
13:20:16,1979.80,1,M
13:20:16,1979.80,1,M
13:20:16,1979.80,2,M
13:20:15,1979.90,1,M
13:20:15,1979.90,1,M
13:20:15,1979.50,1,B
13:20:15,1979.90,1,M
13:20:15,1979.90,2,M
13:20:15,1979.80,1,M
13:20:15,1979.50,1,B
13:20:15,1979.80,1,M
13:20:15,1979.40,1,B
13:20:15,1979.40,1,B
13:20:15,1979.70,1,B
13:20:15,1979.50,1,M
13:20:15,1979.40,1,B
13:20:15,1979.80,1,B
13:20:15,1979.40,1,B
13:20:15,1979.40,1,B
13:20:15,1979.30,1,B
13:20:15,1979.30,1,B
13:20:15,1979.30,1,B
13:20:15,1979.30,1,B
13:20:15,1979.30,1,B
13:20:15,1979.30,2,B
13:20:15,1979.30,1,B
13:20:15,1979.30,1,B
13:20:15,1979.30,1,B
13:20:15,1979.30,2,B
13:20:15,1979.30,1,B
13:20:15,1979.30,1,B
13:20:15,1979.30,1,B
13:20:15,1980.00,4,M
13:20:15,1980.00,2,M
13:20:15,1979.30,1,B
13:20:14,1979.30,1,B
13:20:14,1979.30,1,B
13:20:14,1979.30,2,B
13:20:14,1979.30,1,B
13:20:14,1979.30,1,B
13:20:14,1979.50,1,B
13:20:14,1979.50,1,B
13:20:14,1979.70,1,B
13:20:14,1979.70,1,B
13:20:14,1979.70,2,B
13:20:14,1979.70,1,B
13:20:14,1979.80,2,B
13:20:14,1979.80,2,B
13:20:14,1979.80,7,B
13:20:14,1979.80,1,B
13:20:14,1979.80,1,B
13:20:14,1979.90,1,M
13:20:14,1979.80,1,B
13:20:14,1979.90,1,M
13:20:14,1979.70,1,B
13:20:14,1979.80,4,B
13:20:14,1979.80,1,M
13:20:14,1979.80,5,M
13:20:14,1979.80,2,M
13:20:14,1979.80,2,M
13:20:14,1979.80,2,M
13:20:14,1979.80,3,M
13:20:14,1979.80,1,M
13:20:14,1979.80,1,M
13:20:14,1979.80,2,M
13:20:14,1979.80,1,M
13:20:14,1979.80,1,M
13:20:14,1979.80,1,M
13:20:14,1979.80,1,M
13:20:14,1979.80,1,M
13:20:14,1979.80,1,M
13:20:14,1979.80,7,M
13:20:14,1979.70,2,M
13:20:13,1979.80,1,M
13:20:13,1979.20,1,B
13:20:13,1979.30,1,B
13:20:13,1979.30,1,B
13:20:13,1979.40,1,B
13:20:13,1979.50,2,B
13:20:13,1979.50,2,B
13:20:12,1979.80,1,M
13:20:12,1979.80,1,M
13:20:12,1979.70,4,M
13:20:12,1979.50,1,M
13:20:12,1979.20,2,B
13:20:12,1979.20,1,B
13:20:12,1979.20,1,B
13:20:12,1979.20,1,B
13:20:12,1979.30,1,M
13:20:11,1979.20,1,M
13:20:11,1979.10,1,B
13:20:11,1979.20,1,B
13:20:11,1979.20,2,B
13:20:11,1979.20,4,B
13:20:11,1979.20,1,B
13:20:11,1979.20,1,B
13:20:11,1979.70,1,M
13:20:11,1979.30,2,B
13:20:11,1979.70,1,M
13:20:11,1979.20,2,B
13:20:10,1979.80,2,M
13:20:10,1979.70,1,M
13:20:10,1979.60,3,M
13:20:10,1979.50,1,M
13:20:10,1979.60,1,M
13:20:10,1979.50,1,B
13:20:10,1979.60,1,M
13:20:10,1979.50,4,M
13:20:10,1979.00,1,B
13:20:10,1979.50,1,M
13:20:10,1979.00,14,B
13:20:10,1979.10,1,B
13:20:10,1979.50,1,M
13:20:10,1979.50,1,M
13:20:10,1979.50,1,M
13:20:10,1979.50,1,M
13:20:10,1979.50,1,M
13:20:10,1979.50,1,M
13:20:10,1979.50,1,M
13:20:10,1979.00,2,B
13:20:10,1979.00,1,B
13:20:10,1979.50,1,M
13:20:10,1979.40,1,M
13:20:10,1979.30,1,M
13:20:09,1979.00,1,B
13:20:09,1979.00,61,M
13:20:09,1979.00,32,M
13:20:09,1979.00,1,M
13:20:09,1979.00,1,M
13:20:09,1979.00,19,M
13:20:09,1979.00,2,M
13:20:09,1979.00,1,M
13:20:09,1978.80,1,M
13:20:09,1979.00,4,M
13:20:09,1979.00,1,M
13:20:09,1979.00,2,M
13:20:09,1978.60,1,B
13:20:09,1978.60,1,B
13:20:09,1978.60,1,B
13:20:09,1978.80,1,B
13:20:09,1979.00,4,M
13:20:09,1978.90,1,M
13:20:08,1978.90,1,B
13:20:08,1978.90,1,B
13:20:08,1978.90,1,B
13:20:08,1978.90,1,B
13:20:08,1979.00,1,M
13:20:08,1979.00,12,M
13:20:08,1979.00,1,M
13:20:08,1979.00,10,B
13:20:08,1979.00,3,B
13:20:08,1979.00,1,B
13:20:08,1979.00,4,B
13:20:08,1979.00,1,B
13:20:08,1979.00,1,B
13:20:08,1979.10,1,B
13:20:08,1979.10,3,B
13:20:08,1979.10,1,B
13:20:08,1979.10,2,B
13:20:08,1979.10,1,B
13:20:08,1979.20,1,B
13:20:08,1979.20,1,B
13:20:08,1979.20,4,B
13:20:08,1979.30,1,B
13:20:08,1979.40,1,B
13:20:08,1979.40,1,B
13:20:08,1979.40,1,B
13:20:08,1979.90,1,M
13:20:08,1979.90,4,M
13:20:08,1979.90,2,M
13:20:08,1979.60,1,M
13:20:08,1979.90,3,M
13:20:08,1979.80,1,M
13:20:08,1979.70,1,M
13:20:08,1979.90,1,M
13:20:08,1979.90,10,M
13:20:08,1979.70,1,M
13:20:08,1979.70,1,M
13:20:08,1979.70,1,M
13:20:08,1979.70,2,M
13:20:08,1979.70,1,M
13:20:08,1979.70,1,M
13:20:08,1979.20,1,B
13:20:08,1979.20,1,B
13:20:08,1979.20,1,B
13:20:08,1979.50,7,M
13:20:08,1979.20,1,B
13:20:08,1979.20,2,B
13:20:08,1979.40,1,B
13:20:08,1979.50,3,M
13:20:07,1979.70,1,M
13:20:07,1979.20,1,B
13:20:07,1979.70,3,M
13:20:07,1979.60,1,M
13:20:07,1979.60,3,M
13:20:07,1979.60,1,M
13:20:07,1979.60,1,M
13:20:07,1979.60,1,M
13:20:07,1979.60,1,M
13:20:07,1979.20,1,B
13:20:07,1979.60,3,M
13:20:07,1979.70,1,M
13:20:07,1979.60,2,M
13:20:07,1979.70,1,M
13:20:07,1979.30,1,M
13:20:07,1979.20,1,M
13:20:07,1978.90,1,B
13:20:07,1978.90,3,B
13:20:07,1979.40,1,M
13:20:07,1979.40,2,M
13:20:07,1979.30,1,M
13:20:07,1979.30,1,M
13:20:07,1979.30,1,M
13:20:07,1979.20,1,M
13:20:07,1979.10,1,M
13:20:07,1979.10,2,M
13:20:06,1979.10,1,M
13:20:06,1978.70,1,B
13:20:06,1979.20,1,M
13:20:06,1978.70,2,B
13:20:06,1978.70,1,B
13:20:06,1978.60,2,B
13:20:06,1978.70,2,B
13:20:06,1979.20,1,M
13:20:06,1978.90,4,B
13:20:06,1978.60,2,B
13:20:06,1978.60,1,B
13:20:06,1978.60,1,B
13:20:06,1978.60,3,B
13:20:06,1978.80,1,B
13:20:06,1979.10,2,B
13:20:05,1979.10,1,M
13:20:05,1978.60,1,B
13:20:05,1978.70,1,B
13:20:05,1978.70,1,B
13:20:05,1978.70,1,B
13:20:05,1978.80,1,B
13:20:05,1978.90,4,B
13:20:05,1978.90,1,B
13:20:05,1979.00,1,M
13:20:05,1979.00,1,M
13:20:05,1978.70,1,B
13:20:05,1979.10,1,M
13:20:05,1979.10,1,M
13:20:05,1979.00,2,M
13:20:05,1979.00,2,M
13:20:05,1978.70,1,B
13:20:05,1978.80,1,B
13:20:05,1979.10,3,M
13:20:05,1979.10,2,M
13:20:05,1978.30,1,B
13:20:05,1978.30,1,B
13:20:05,1978.30,1,B
13:20:05,1978.40,4,B
13:20:05,1978.40,1,B
13:20:05,1978.50,9,B
13:20:05,1978.60,2,B
13:20:05,1978.70,1,B
13:20:05,1979.10,1,M
13:20:05,1978.90,1,M
13:20:05,1978.90,1,M
13:20:05,1979.10,5,M
13:20:05,1979.10,2,M
13:20:05,1978.90,1,M
13:20:05,1978.60,2,M
13:20:05,1978.60,2,M
13:20:05,1978.50,1,B
13:20:05,1978.50,1,B
13:20:05,1978.50,1,B
13:20:05,1978.50,1,B
13:20:05,1978.60,1,M
13:20:04,1978.80,1,M
13:20:04,1978.70,1,M
13:20:04,1978.80,1,M
13:20:04,1978.80,2,M
13:20:04,1979.00,2,M
13:20:04,1979.00,3,M
13:20:04,1979.00,4,M
13:20:04,1978.90,10,M
13:20:04,1978.90,1,M
13:20:04,1978.90,2,M
13:20:04,1978.90,1,M
13:20:04,1978.80,1,M
13:20:04,1978.80,1,M
13:20:04,1978.60,1,M
13:20:04,1978.50,2,M
13:20:04,1978.30,1,B
13:20:04,1978.30,3,B
13:20:04,1978.60,2,M
13:20:04,1978.00,1,B
13:20:04,1978.00,1,B
13:20:04,1978.00,1,B
13:20:04,1978.00,1,B
13:20:04,1978.20,9,B
13:20:04,1978.50,3,B
13:20:04,1978.50,2,B
13:20:04,1978.50,2,B
13:20:04,1978.50,1,M
13:20:03,1978.50,1,M
13:20:03,1978.50,2,M
13:20:03,1978.20,1,B
13:20:03,1978.20,1,M
13:20:03,1978.50,2,M
13:20:03,1978.30,1,M
13:20:03,1978.30,1,M
13:20:03,1978.30,1,M
13:20:03,1978.20,1,M
13:20:03,1978.00,1,B
13:20:03,1978.00,1,B
13:20:03,1978.50,8,M
13:20:03,1978.30,1,M
13:20:03,1978.30,1,M
13:20:03,1978.40,3,B
13:20:03,1978.40,1,B
13:20:02,1978.60,1,M
13:20:02,1978.60,1,M
13:20:02,1978.50,1,B
13:20:02,1978.50,1,B
13:20:02,1978.40,1,B
13:20:02,1978.60,1,M
13:20:02,1978.50,1,M
13:20:02,1978.40,1,B
13:20:02,1978.40,1,B
13:20:02,1978.40,1,B
13:20:02,1978.40,1,M
13:20:02,1978.40,12,M
13:20:02,1978.40,10,M
13:20:02,1978.30,4,M
13:20:02,1978.30,1,M
13:20:02,1978.30,2,M
13:20:02,1978.30,12,M
13:20:02,1978.10,1,M
13:20:02,1978.00,1,M
13:20:02,1978.00,1,M
13:20:02,1978.00,1,M
13:20:02,1977.80,1,M
13:20:02,1977.90,1,M
13:20:01,1977.40,1,B
13:20:01,1977.40,2,B
13:20:01,1977.40,1,B
13:20:01,1977.80,2,M
13:20:01,1977.70,1,M
13:20:01,1977.70,2,M
13:20:01,1977.60,2,M
13:20:01,1977.60,1,M
13:20:01,1977.60,2,M
13:20:01,1977.50,1,M
13:20:01,1977.50,7,M
13:20:01,1977.40,2,B
13:20:01,1977.40,1,B
13:20:01,1977.40,1,B
13:20:01,1977.40,2,M
13:20:01,1977.40,1,M
13:20:01,1977.20,1,B
13:20:01,1977.30,1,B
13:20:00,1977.60,1,M
13:20:00,1977.30,2,B
13:20:00,1977.30,4,B
13:20:00,1977.40,3,B
13:20:00,1977.40,1,B
13:20:00,1977.40,1,B
13:20:00,1977.50,4,B
13:20:00,1977.50,1,B
13:20:00,1977.50,1,B
13:20:00,1977.50,1,B
13:20:00,1977.50,2,B
13:20:00,1977.50,3,B
13:20:00,1977.50,1,B
13:20:00,1977.80,1,M
13:20:00,1977.50,3,B
13:20:00,1977.50,1,B
13:20:00,1977.50,1,B
13:20:00,1977.50,1,B
13:20:00,1977.50,1,B
13:20:00,1977.50,1,B
13:20:00,1977.60,1,B
13:20:00,1977.70,1,B
13:20:00,1977.50,2,B
13:20:00,1977.90,1,M
13:20:00,1977.40,1,B
13:20:00,1978.40,1,M
13:20:00,1978.40,1,M
13:20:00,1978.10,1,M
13:20:00,1977.90,1,M
13:20:00,1978.10,1,M
13:20:00,1978.00,1,M
13:20:00,1978.00,3,M
13:20:00,1978.00,4,M
13:20:00,1977.90,1,M
13:20:00,1977.80,1,M
13:20:00,1977.80,1,M
13:20:00,1977.70,1,M
13:20:00,1977.60,2,M
13:20:00,1977.60,2,M
13:20:00,1977.40,1,B
13:19:59,1977.30,1,B
13:19:59,1977.40,1,M
13:19:59,1977.80,1,B
13:19:59,1978.10,1,M
13:19:59,1976.30,31,B
13:19:59,1976.60,1,B
13:19:59,1976.70,1,B
13:19:59,1976.80,1,B
13:19:59,1976.80,1,B
13:19:59,1978.50,4,M
13:19:59,1978.20,1,M
13:19:59,1978.10,6,M
13:19:59,1978.00,1,M
13:19:59,1978.00,1,M
13:19:59,1978.00,20,M
13:19:59,1978.00,1,M
13:19:59,1978.00,1,M
13:19:59,1977.90,1,M
13:19:59,1977.90,1,M
13:19:59,1977.90,1,M
13:19:59,1977.70,3,M
13:19:59,1977.60,2,M
13:19:59,1977.40,5,M
13:19:59,1976.90,1,B
13:19:59,1976.90,1,B
13:19:59,1976.90,1,B
13:19:59,1977.00,1,B
13:19:59,1977.20,1,B
13:19:59,1977.20,1,B
13:19:59,1977.00,1,B
13:19:59,1977.30,1,M
13:19:59,1977.30,1,B
13:19:59,1977.40,2,M
13:19:59,1977.40,3,B
13:19:59,1977.40,17,B
13:19:59,1977.50,1,B
13:19:59,1977.50,1,B
13:19:59,1977.50,1,B
13:19:59,1977.40,2,B
13:19:58,1977.70,1,M
13:19:58,1977.40,2,B
13:19:58,1977.40,1,B
13:19:58,1977.40,1,B
13:19:58,1977.40,1,M
13:19:58,1977.40,5,M
13:19:58,1977.40,1,M
13:19:58,1977.30,1,M
13:19:58,1977.20,1,M
13:19:58,1977.00,1,M
13:19:58,1977.00,2,M
13:19:58,1977.00,1,M
13:19:58,1976.80,1,B
13:19:58,1977.00,1,M
13:19:58,1976.90,1,M
13:19:58,1976.80,1,M
13:19:58,1976.30,3,B
13:19:58,1976.30,2,B
13:19:58,1976.30,2,B
13:19:58,1976.30,3,B
13:19:58,1976.50,1,B
13:19:58,1976.80,1,M
13:19:58,1977.30,1,M
13:19:58,1976.90,1,M
13:19:58,1976.50,1,B
13:19:58,1976.30,2,B
13:19:58,1976.70,1,B
13:19:58,1976.30,3,B
13:19:58,1976.40,2,B
13:19:58,1977.30,4,B
13:19:58,1977.40,1,M
13:19:58,1977.30,1,M
13:19:58,1976.40,1,B
13:19:58,1976.40,3,B
13:19:58,1976.40,10,B
13:19:58,1976.50,3,B
13:19:58,1976.50,12,B
13:19:58,1976.60,3,B
13:19:58,1976.70,1,B
13:19:58,1976.70,3,B
13:19:58,1976.80,1,B
13:19:58,1976.80,1,B
13:19:58,1976.80,1,B
13:19:58,1976.80,1,B
13:19:58,1976.90,4,B
13:19:58,1976.90,3,B
13:19:58,1977.20,1,B
13:19:58,1977.20,1,B
13:19:58,1977.30,1,B
13:19:58,1977.30,3,B
13:19:58,1977.40,2,M
13:19:58,1977.40,1,M
13:19:58,1977.30,6,B
13:19:58,1977.40,1,B
13:19:57,1977.30,4,B
13:19:57,1977.30,1,B
13:19:57,1977.40,8,B
13:19:57,1977.40,6,B
13:19:57,1977.50,3,M
13:19:57,1977.40,2,B
13:19:57,1977.40,3,B
13:19:57,1977.40,4,B
13:19:57,1977.90,1,M
13:19:57,1977.90,2,M
13:19:57,1977.90,1,M
13:19:57,1977.80,1,M
13:19:57,1977.80,1,M
13:19:57,1977.80,5,M
13:19:57,1977.60,1,M
13:19:57,1977.40,1,B
13:19:57,1977.30,1,M
13:19:57,1977.40,1,M
13:19:57,1976.80,2,B
13:19:57,1976.90,1,B
13:19:57,1976.90,3,B
13:19:57,1977.00,3,B
13:19:57,1977.00,1,B
13:19:57,1977.10,3,B
13:19:57,1977.40,1,M
13:19:57,1977.10,7,B
13:19:57,1977.10,1,B
13:19:57,1977.10,1,B
13:19:57,1977.20,1,B
13:19:57,1977.20,1,B
13:19:56,1977.40,1,M
13:19:56,1977.20,1,B
13:19:56,1977.40,1,M
13:19:56,1977.40,1,M
13:19:56,1978.20,1,M
13:19:56,1977.00,1,B
13:19:56,1978.10,2,B
13:19:56,1978.10,1,B
13:19:56,1978.10,2,B
13:19:56,1978.10,1,B
13:19:56,1978.60,1,B
13:19:56,1979.20,1,M
13:19:56,1977.00,3,B
13:19:56,1977.00,1,B
13:19:56,1977.00,1,B
13:19:56,1977.00,3,B
13:19:56,1977.00,50,B
13:19:56,1977.00,1,B
13:19:56,1977.00,2,B
13:19:56,1977.00,1,B
13:19:56,1977.00,1,B
13:19:56,1977.00,9,B
13:19:56,1977.00,4,B
13:19:56,1977.10,2,B
13:19:56,1977.10,3,B
13:19:56,1977.10,2,B
13:19:56,1977.10,1,B
13:19:56,1977.20,3,B
13:19:56,1977.30,1,B
13:19:56,1977.30,3,B
13:19:56,1977.40,3,B
13:19:56,1977.40,3,B
13:19:56,1977.50,1,B
13:19:56,1977.50,5,B
13:19:56,1977.50,3,B
13:19:56,1977.50,5,B
13:19:56,1977.50,3,B
13:19:56,1977.60,1,B
13:19:56,1977.60,3,B
13:19:56,1977.80,1,B
13:19:56,1977.80,3,B
13:19:56,1977.80,1,B
13:19:56,1977.90,1,B
13:19:56,1977.90,3,B
13:19:56,1977.90,1,B
13:19:56,1978.00,1,B
13:19:56,1978.00,2,B
13:19:56,1978.00,1,B
13:19:56,1978.00,1,B
13:19:56,1978.00,3,B
13:19:56,1978.00,1,B
13:19:56,1978.00,1,B
13:19:56,1978.00,1,B
13:19:56,1978.00,1,B
13:19:56,1979.20,1,M
13:19:56,1979.10,1,M
13:19:56,1978.80,1,M
13:19:56,1978.80,1,M
13:19:56,1978.80,1,M
13:19:56,1978.70,1,M
13:19:56,1978.50,1,M
13:19:56,1978.70,1,M
13:19:56,1978.70,3,M
13:19:56,1978.70,1,M
13:19:56,1978.60,1,M
13:19:56,1978.60,1,M
13:19:56,1978.10,1,B
13:19:56,1978.60,1,M
13:19:56,1978.60,1,M
13:19:55,1978.10,1,B
13:19:55,1978.10,3,B
13:19:55,1978.10,1,B
13:19:55,1978.20,16,M
13:19:55,1978.20,4,M
13:19:55,1978.10,3,B
13:19:55,1978.10,1,B
13:19:55,1978.20,1,M
13:19:55,1978.20,1,M
13:19:55,1978.10,1,B
13:19:55,1978.20,2,M
13:19:55,1978.20,1,B
13:19:55,1978.20,1,B
13:19:55,1978.30,1,B
13:19:55,1978.30,3,B
13:19:55,1978.40,1,B
13:19:55,1978.40,3,B
13:19:55,1978.50,1,B
13:19:55,1978.50,3,B
13:19:55,1978.50,1,B
13:19:55,1978.80,1,B
13:19:55,1978.50,2,B
13:19:55,1978.50,5,B
13:19:55,1978.50,1,B
13:19:55,1978.50,12,B
13:19:55,1978.50,3,B
13:19:55,1978.50,1,B
13:19:55,1978.60,3,B
13:19:55,1978.70,1,B
13:19:55,1978.70,2,B
13:19:55,1978.80,1,B
13:19:55,1978.80,1,B
13:19:55,1978.80,2,B
13:19:55,1978.80,2,B
13:19:55,1979.50,1,M
13:19:55,1979.40,1,M
13:19:55,1979.30,1,M
13:19:55,1979.30,1,M
13:19:55,1979.20,1,M
13:19:55,1979.20,25,M
13:19:55,1979.20,3,M
13:19:55,1979.10,2,M
13:19:55,1979.10,3,M
13:19:55,1979.00,4,M
13:19:55,1978.90,12,M
13:19:55,1978.90,1,M
13:19:54,1978.90,1,M
13:19:54,1978.80,1,M
13:19:54,1978.60,3,B
13:19:54,1978.70,1,B
13:19:54,1979.10,1,M
13:19:54,1978.60,1,B
13:19:54,1978.60,1,B
13:19:54,1978.70,2,B
13:19:54,1979.10,1,M
13:19:54,1979.10,1,M
13:19:54,1978.60,7,B
13:19:54,1978.70,1,B
13:19:54,1979.10,11,B
13:19:54,1979.10,1,B
13:19:53,1979.20,5,M
13:19:53,1979.10,2,M
13:19:53,1979.10,1,M
13:19:53,1978.60,1,B
13:19:53,1978.60,2,B
13:19:53,1978.60,2,B
13:19:53,1978.70,2,B
13:19:53,1978.60,3,B
13:19:53,1978.60,3,B
13:19:53,1978.60,1,B
13:19:53,1978.60,1,B
13:19:53,1978.60,3,B
13:19:53,1978.70,3,B
13:19:53,1978.80,1,B
13:19:53,1978.80,3,B
13:19:53,1978.80,1,B
13:19:53,1978.90,1,B
13:19:53,1978.90,1,B
13:19:53,1979.00,4,B
13:19:53,1979.00,1,B
13:19:53,1979.00,2,B
13:19:53,1979.00,1,B
13:19:53,1979.00,1,B
13:19:53,1979.00,1,B
13:19:53,1979.00,6,B
13:19:53,1979.00,1,B
13:19:53,1979.10,1,B
13:19:53,1979.10,4,B
13:19:53,1979.10,4,B
13:19:53,1979.10,2,B
13:19:53,1979.10,9,B
13:19:53,1979.10,1,B
13:19:52,1979.10,2,B
13:19:52,1979.10,1,B
13:19:52,1979.20,1,B
13:19:52,1979.50,1,B
13:19:51,1979.50,1,M
13:19:51,1979.20,2,B
13:19:51,1979.40,2,B
13:19:51,1979.40,2,B
13:19:51,1979.70,1,M
13:19:51,1979.60,1,M
13:19:51,1979.50,1,M
13:19:51,1979.50,1,M
13:19:51,1979.40,1,B
13:19:51,1979.60,1,B
13:19:51,1979.10,7,B
13:19:51,1979.30,1,B
13:19:51,1979.60,1,B
13:19:51,1979.70,1,B
13:19:50,1979.10,4,B
13:19:50,1979.20,4,B
13:19:50,1979.40,2,B
13:19:50,1979.40,1,B
13:19:50,1979.40,1,B
13:19:50,1979.40,2,B
13:19:50,1979.50,2,B
13:19:50,1979.50,1,B
13:19:50,1979.50,1,B
13:19:50,1979.60,4,B
13:19:50,1979.90,1,B
13:19:50,1979.80,1,B
13:19:50,1980.00,1,M
13:19:50,1979.80,1,M
13:19:50,1979.90,3,M
13:19:50,1979.90,1,M
13:19:50,1979.70,1,M
13:19:50,1981.00,20,M
13:19:50,1980.70,1,M
13:19:50,1980.70,1,M
13:19:50,1980.70,1,M
13:19:50,1980.70,1,M
13:19:50,1980.60,3,M
13:19:50,1980.50,23,M
13:19:50,1979.00,3,B
13:19:50,1979.00,1,B
13:19:50,1979.00,1,B
13:19:50,1979.00,1,B
13:19:50,1979.00,1,B
13:19:50,1979.00,5,B
13:19:50,1979.00,2,B
13:19:50,1979.00,1,B
13:19:50,1979.00,7,B
13:19:50,1979.10,1,B
13:19:50,1979.10,2,B
13:19:50,1979.20,12,B
13:19:50,1979.20,1,B
13:19:50,1979.20,1,B
13:19:50,1979.30,1,B
13:19:50,1980.50,1,M
13:19:50,1980.40,4,M
13:19:50,1980.40,4,M
13:19:50,1980.40,2,M
13:19:50,1980.40,2,M
13:19:50,1980.40,1,M
13:19:50,1980.40,2,M
13:19:50,1980.40,1,M
13:19:50,1980.30,2,M
13:19:50,1980.30,2,M
13:19:50,1980.30,1,M
13:19:50,1980.30,1,M
13:19:50,1980.10,1,M
13:19:50,1980.10,1,M
13:19:50,1980.10,12,M
13:19:50,1979.90,1,M
13:19:50,1979.90,1,M
13:19:50,1979.80,2,M
13:19:50,1979.30,1,B
13:19:50,1979.30,1,B
13:19:50,1979.40,1,B
13:19:50,1979.40,1,B
13:19:50,1979.80,1,M
13:19:50,1979.90,1,M
13:19:50,1979.30,1,B
13:19:50,1979.40,1,B
13:19:50,1979.90,1,M
13:19:50,1979.60,1,B
13:19:50,1979.70,1,M
13:19:50,1980.20,1,M
13:19:50,1980.00,1,M
13:19:50,1980.00,1,M
13:19:50,1980.00,1,M
13:19:50,1980.00,1,M
13:19:50,1979.20,1,M
13:19:50,1979.10,1,B
13:19:50,1979.20,1,M
13:19:50,1979.50,1,M
13:19:50,1979.00,1,B
13:19:50,1979.00,1,B
13:19:50,1979.50,1,M
13:19:49,1979.00,1,B
13:19:49,1979.10,1,B
13:19:49,1979.10,1,B
13:19:49,1979.10,2,M
13:19:49,1979.00,1,B
13:19:49,1979.00,1,B
13:19:49,1979.00,1,B
13:19:49,1979.00,1,B
13:19:49,1979.00,3,B
13:19:49,1979.00,1,B
13:19:49,1979.00,1,B
13:19:49,1979.00,1,B
13:19:49,1979.00,1,B
13:19:49,1979.00,1,B
13:19:49,1979.00,1,B
13:19:49,1979.10,1,M
13:19:49,1979.00,1,B
13:19:49,1979.00,1,B
13:19:49,1979.50,1,B
13:19:49,1979.50,1,B
13:19:49,1979.00,1,B
13:19:49,1979.00,1,B
13:19:49,1979.00,1,B
13:19:49,1979.00,1,B
13:19:49,1979.00,1,B
13:19:49,1979.00,1,B
13:19:49,1979.00,1,B
13:19:49,1980.40,1,M
13:19:49,1979.00,1,B
13:19:49,1979.00,2,B
13:19:49,1979.60,1,B
13:19:49,1980.00,1,B
13:19:49,1980.00,1,B
13:19:49,1979.60,1,B
13:19:49,1979.10,1,B
13:19:49,1979.10,1,B
13:19:49,1979.10,2,B
13:19:49,1979.10,2,B
13:19:49,1979.20,4,B
13:19:49,1979.30,1,B
13:19:49,1979.30,5,B
13:19:49,1979.30,2,B
13:19:49,1979.30,1,B
13:19:49,1979.30,1,B
13:19:49,1979.30,1,B
13:19:49,1979.30,1,B
13:19:49,1979.30,4,B
13:19:49,1979.30,14,B
13:19:49,1979.30,1,B
13:19:49,1979.30,2,B
13:19:49,1979.30,1,B
13:19:49,1979.30,1,B
13:19:49,1979.40,1,B
13:19:49,1979.40,1,B
13:19:49,1979.40,1,B
13:19:49,1979.40,2,B
13:19:49,1979.40,1,B
13:19:49,1979.40,2,B
13:19:49,1979.50,1,B
13:19:49,1979.50,1,B
13:19:49,1979.80,1,B
13:19:49,1979.90,1,B
13:19:49,1979.90,1,B
13:19:49,1980.00,1,B
13:19:49,1980.00,4,B
13:19:49,1980.00,1,B
13:19:49,1980.00,1,B
13:19:49,1980.00,3,B
13:19:49,1980.00,1,B
13:19:49,1980.00,1,B
13:19:49,1980.10,1,B
13:19:49,1980.00,1,B
13:19:49,1980.50,1,M
13:19:49,1980.00,1,B
13:19:49,1980.00,1,B
13:19:49,1980.00,41,B
13:19:49,1980.10,1,B
13:19:49,1980.10,4,B
13:19:49,1980.10,1,B
13:19:49,1980.10,1,B
13:19:49,1980.20,1,B
13:19:49,1980.60,1,B
13:19:48,1980.70,1,M
13:19:48,1981.00,1,M
13:19:48,1980.90,1,M
13:19:48,1980.90,1,M
13:19:48,1980.80,2,M
13:19:48,1980.80,1,M
13:19:48,1980.70,20,B
13:19:47,1980.70,10,B
13:19:47,1980.70,1,M
13:19:47,1980.70,1,M
13:19:47,1980.70,1,M
13:19:47,1980.70,1,M
13:19:47,1980.70,1,M
13:19:47,1980.70,1,M
13:19:47,1980.60,1,M
13:19:47,1980.60,1,M
13:19:47,1980.50,1,M
13:19:47,1980.50,4,M
13:19:47,1980.50,1,M
13:19:47,1980.50,1,M
13:19:47,1980.50,1,M
13:19:47,1980.50,1,M
13:19:47,1980.50,1,M
13:19:47,1980.40,1,M
13:19:47,1980.00,1,B
13:19:47,1980.00,1,B
13:19:47,1980.00,1,B
13:19:47,1980.10,1,B
13:19:46,1980.00,1,B
13:19:46,1980.00,21,B
13:19:46,1980.00,1,B
13:19:46,1980.00,1,B
13:19:46,1980.00,1,B
13:19:46,1980.00,1,B
13:19:46,1980.00,1,B
13:19:46,1980.00,1,B
13:19:46,1980.10,1,B
13:19:46,1980.10,3,B
13:19:46,1980.10,1,B
13:19:46,1980.10,1,B
13:19:46,1980.10,1,B
13:19:46,1980.20,2,B
13:19:46,1980.30,1,B
13:19:46,1980.30,6,B
13:19:46,1980.30,1,B
13:19:46,1980.30,20,B
13:19:46,1980.50,1,B
13:19:46,1980.50,1,B
13:19:46,1980.50,1,B
13:19:46,1980.50,13,B
13:19:46,1980.50,7,B
13:19:46,1980.50,1,B
13:19:46,1980.50,1,B
13:19:46,1980.50,2,B
13:19:46,1980.50,4,B
13:19:46,1980.60,1,M
13:19:46,1980.60,1,M
13:19:46,1980.60,2,M
13:19:46,1980.50,1,B
13:19:46,1980.50,1,B
13:19:45,1980.60,6,M
13:19:45,1980.50,1,B
13:19:45,1980.60,1,M
13:19:45,1980.60,2,M
13:19:45,1980.50,2,B
13:19:44,1980.70,1,M
13:19:44,1980.70,1,M
13:19:44,1980.70,1,M
13:19:44,1980.50,1,B
13:19:44,1980.50,1,B
13:19:44,1980.50,2,B
13:19:44,1980.70,1,M
13:19:44,1980.50,1,B
13:19:43,1980.70,1,M
13:19:43,1980.70,1,M
13:19:43,1980.70,1,M
13:19:43,1980.70,1,M
13:19:43,1980.50,3,B
13:19:43,1980.60,2,B
13:19:43,1980.50,5,B
