Time,Price,Volume,Side
09:32:41,1787.20,2,M
09:32:41,1787.20,3,M
09:32:41,1787.10,2,B
09:32:41,1787.20,1,M
09:32:41,1787.00,3,M
09:32:41,1787.10,1,B
09:32:41,1787.30,5,B
09:32:41,1787.40,1,B
09:32:40,1787.30,3,M
09:32:40,1787.60,3,M
09:32:40,1787.70,1,M
09:32:40,1787.70,1,M
09:32:40,1787.70,1,M
09:32:40,1787.40,1,M
09:32:40,1787.20,1,M
09:32:40,1787.10,1,M
09:32:40,1786.70,4,B
09:32:40,1787.20,2,M
09:32:39,1787.00,1,B
09:32:39,1787.10,2,M
09:32:39,1786.50,5,B
09:32:39,1786.50,1,B
09:32:39,1786.60,6,B
09:32:39,1786.80,1,B
09:32:39,1786.80,1,B
09:32:39,1787.20,2,M
09:32:39,1786.90,1,B
09:32:38,1787.20,4,M
09:32:38,1787.00,1,M
09:32:38,1787.00,1,M
09:32:38,1787.00,1,M
09:32:38,1787.00,2,M
09:32:38,1787.00,1,M
09:32:38,1787.10,1,B
09:32:38,1787.20,1,B
09:32:38,1788.00,2,B
09:32:38,1788.00,1,M
09:32:38,1788.00,1,M
09:32:38,1787.10,1,B
09:32:38,1787.10,1,B
09:32:38,1787.20,1,B
09:32:38,1787.80,1,M
09:32:38,1787.80,1,M
09:32:38,1788.00,1,M
09:32:38,1788.00,2,M
09:32:38,1788.00,1,M
09:32:38,1787.90,4,M
09:32:38,1787.90,1,M
09:32:38,1787.80,2,M
09:32:38,1787.80,2,M
09:32:38,1787.80,2,M
09:32:38,1787.80,1,M
09:32:38,1787.60,1,M
09:32:38,1787.10,1,M
09:32:38,1787.60,1,M
09:32:38,1787.50,1,M
09:32:38,1787.50,1,M
09:32:38,1787.30,1,M
09:32:37,1787.30,2,M
09:32:37,1787.20,1,M
09:32:37,1787.00,2,M
09:32:37,1787.00,1,M
09:32:37,1787.00,6,M
09:32:37,1787.00,1,M
09:32:37,1787.00,10,M
09:32:37,1786.90,1,M
09:32:37,1786.80,1,M
09:32:37,1786.80,1,M
09:32:37,1786.70,1,M
09:32:37,1786.50,3,M
09:32:37,1786.20,1,M
09:32:37,1786.10,1,M
09:32:37,1786.00,1,M
09:32:37,1786.00,1,M
09:32:37,1786.00,1,M
09:32:37,1786.00,1,M
09:32:37,1786.00,5,M
09:32:37,1786.00,3,M
09:32:37,1785.80,1,M
09:32:37,1785.80,1,M
09:32:37,1786.00,22,M
09:32:37,1786.00,4,M
09:32:37,1785.90,3,M
09:32:37,1785.90,1,M
09:32:37,1785.30,1,B
09:32:37,1785.30,1,B
09:32:37,1785.40,1,B
09:32:37,1785.40,1,B
09:32:37,1785.70,1,B
09:32:37,1785.50,1,B
09:32:37,1785.80,1,M
09:32:36,1785.90,1,M
09:32:36,1785.30,2,B
09:32:36,1785.30,1,B
09:32:36,1785.40,1,B
09:32:36,1786.00,6,M
09:32:36,1786.00,1,M
09:32:36,1786.00,1,M
09:32:36,1786.00,2,M
09:32:36,1785.90,20,M
09:32:36,1785.90,1,M
09:32:36,1785.90,4,M
09:32:36,1785.90,2,M
09:32:36,1785.80,1,M
09:32:36,1785.80,9,M
09:32:36,1785.70,1,M
09:32:36,1785.70,1,M
09:32:36,1785.70,2,M
09:32:36,1785.70,1,M
09:32:36,1785.70,1,M
09:32:36,1785.80,1,M
09:32:36,1785.10,1,B
09:32:36,1785.10,1,B
09:32:36,1785.20,1,B
09:32:36,1785.80,1,M
09:32:36,1785.80,1,M
09:32:36,1785.30,1,M
09:32:36,1785.70,1,M
09:32:35,1785.40,1,B
09:32:35,1785.80,1,M
09:32:35,1785.80,12,M
09:32:35,1785.50,8,M
09:32:35,1785.50,10,M
09:32:35,1785.40,1,B
09:32:35,1785.50,2,M
09:32:35,1785.50,1,M
09:32:35,1785.50,1,M
09:32:35,1785.50,1,M
09:32:35,1785.50,1,M
09:32:35,1785.30,1,M
09:32:35,1785.20,1,M
09:32:35,1785.20,3,M
09:32:35,1785.20,1,M
09:32:35,1785.00,1,M
09:32:35,1785.00,2,M
09:32:35,1785.00,3,M
09:32:35,1785.00,1,M
09:32:35,1785.00,1,M
09:32:35,1785.00,1,M
09:32:35,1785.00,1,M
09:32:35,1785.00,1,M
09:32:35,1785.00,1,M
09:32:35,1785.00,1,M
09:32:35,1785.00,1,M
09:32:35,1785.00,2,M
09:32:35,1784.90,1,M
09:32:35,1784.90,2,M
09:32:34,1784.90,1,M
09:32:34,1784.90,1,M
09:32:34,1784.90,1,M
09:32:34,1784.90,1,M
09:32:34,1784.80,1,M
09:32:34,1784.80,2,M
09:32:34,1784.70,4,M
09:32:34,1784.70,1,M
09:32:34,1784.70,1,M
09:32:34,1784.60,1,M
09:32:34,1784.60,1,M
09:32:33,1784.70,1,M
09:32:33,1784.30,1,B
09:32:33,1784.60,1,B
09:32:33,1784.70,1,M
09:32:33,1784.70,1,M
09:32:33,1784.10,1,B
09:32:33,1784.10,1,B
09:32:33,1784.10,1,B
09:32:33,1784.10,2,B
09:32:33,1784.10,1,B
09:32:33,1784.20,4,B
09:32:33,1784.80,2,M
09:32:33,1784.80,1,M
09:32:32,1784.80,5,M
09:32:32,1784.60,5,M
09:32:32,1784.60,1,M
09:32:32,1784.60,1,M
09:32:32,1784.60,2,M
09:32:32,1784.10,1,B
09:32:32,1784.40,1,B
09:32:32,1784.50,1,B
09:32:31,1784.30,2,B
09:32:31,1784.60,8,M
09:32:31,1784.60,10,M
09:32:31,1784.50,10,M
09:32:31,1784.50,1,M
09:32:31,1784.30,1,B
09:32:30,1784.60,1,M
09:32:30,1784.60,1,M
09:32:30,1784.60,1,M
09:32:30,1784.60,1,M
09:32:30,1784.60,1,M
09:32:30,1784.60,1,M
09:32:30,1784.40,1,M
09:32:30,1784.40,1,M
09:32:29,1784.60,1,M
09:32:29,1784.70,1,M
09:32:29,1784.70,1,M
09:32:29,1784.60,1,M
09:32:29,1784.60,1,M
09:32:29,1784.10,1,B
09:32:29,1784.60,1,M
09:32:29,1784.10,1,B
09:32:29,1784.10,1,B
09:32:29,1784.10,6,B
09:32:29,1784.30,1,B
09:32:29,1784.30,1,B
09:32:28,1784.60,6,M
09:32:28,1784.50,4,M
09:32:28,1785.00,1,M
09:32:28,1784.90,2,M
09:32:28,1784.80,1,M
09:32:28,1784.80,1,M
09:32:28,1784.80,1,M
09:32:28,1784.70,3,M
09:32:28,1784.70,1,M
09:32:28,1784.60,1,M
09:32:28,1784.60,1,M
09:32:28,1784.60,4,M
09:32:28,1784.60,1,M
09:32:28,1784.60,1,M
09:32:28,1784.60,1,M
09:32:28,1784.60,1,M
09:32:28,1784.10,1,B
09:32:28,1784.10,1,B
09:32:28,1784.10,2,B
09:32:28,1784.10,1,B
09:32:28,1784.60,1,M
09:32:28,1784.60,1,M
09:32:28,1784.40,1,M
09:32:28,1784.40,1,M
09:32:28,1784.10,1,B
09:32:27,1784.60,3,M
09:32:27,1784.60,3,M
09:32:27,1784.50,1,M
09:32:27,1783.90,1,B
09:32:27,1784.70,1,M
09:32:27,1784.00,3,M
09:32:27,1784.00,1,M
09:32:27,1784.00,1,B
09:32:27,1784.10,1,B
09:32:27,1784.10,1,B
09:32:27,1784.20,3,B
09:32:27,1784.10,9,B
09:32:27,1784.20,1,B
09:32:27,1784.20,1,B
09:32:27,1784.60,3,B
09:32:27,1784.60,2,B
09:32:27,1784.70,2,B
09:32:26,1784.60,1,B
09:32:26,1784.60,1,B
09:32:26,1784.70,1,M
09:32:26,1784.70,1,M
09:32:26,1784.10,1,B
09:32:26,1784.40,1,B
09:32:26,1784.50,1,B
09:32:26,1784.60,1,M
09:32:26,1784.60,1,M
09:32:25,1784.10,1,B
09:32:25,1784.20,1,B
09:32:25,1784.20,1,B
09:32:25,1784.30,1,B
09:32:25,1784.60,1,M
09:32:25,1784.10,1,B
09:32:25,1784.70,1,M
09:32:25,1784.70,1,M
09:32:25,1784.70,2,M
09:32:24,1784.80,2,M
09:32:24,1784.80,6,M
09:32:24,1784.40,2,M
09:32:24,1784.40,1,M
09:32:24,1784.20,1,M
09:32:24,1784.00,2,M
09:32:24,1783.80,1,M
09:32:24,1783.60,1,M
09:32:24,1783.30,4,M
09:32:24,1783.30,2,M
09:32:24,1783.20,1,M
09:32:23,1783.10,1,M
09:32:23,1783.10,1,M
09:32:23,1783.00,1,M
09:32:23,1783.00,3,M
09:32:23,1782.90,1,B
09:32:23,1783.00,1,M
09:32:23,1783.00,1,M
09:32:23,1783.00,1,M
09:32:23,1783.00,2,M
09:32:23,1783.00,2,M
09:32:23,1783.00,4,M
09:32:23,1783.00,1,M
09:32:23,1782.90,1,M
09:32:23,1782.90,10,M
09:32:23,1782.90,1,M
09:32:23,1782.90,1,M
09:32:23,1782.90,1,M
09:32:23,1782.90,1,M
09:32:23,1782.90,2,M
09:32:23,1782.70,1,M
09:32:22,1782.30,3,B
09:32:22,1782.80,1,M
09:32:22,1782.70,1,M
09:32:21,1782.70,2,M
09:32:21,1782.20,2,M
09:32:21,1782.20,3,M
09:32:21,1782.20,1,M
09:32:21,1782.10,1,M
09:32:21,1782.10,1,M
09:32:21,1782.10,1,M
09:32:21,1782.10,1,M
09:32:21,1782.10,1,M
09:32:21,1782.10,1,M
09:32:21,1782.00,1,M
09:32:21,1782.00,1,M
09:32:21,1782.00,1,M
09:32:21,1781.90,4,M
09:32:20,1781.40,1,B
09:32:20,1781.50,1,B
09:32:20,1781.50,1,B
09:32:20,1781.50,1,B
09:32:20,1782.00,2,M
09:32:20,1781.90,4,M
09:32:20,1781.90,1,M
09:32:20,1781.90,1,M
09:32:20,1781.90,1,M
09:32:20,1781.80,1,M
09:32:20,1781.80,1,M
09:32:20,1781.80,1,M
09:32:20,1781.80,1,M
09:32:20,1781.80,6,M
09:32:19,1781.80,1,M
09:32:19,1781.50,10,B
09:32:18,1781.70,1,M
09:32:18,1781.70,1,M
09:32:18,1781.50,2,B
09:32:18,1781.40,1,M
09:32:18,1781.30,4,M
09:32:18,1780.90,1,B
09:32:18,1781.10,1,B
09:32:18,1781.10,1,B
09:32:18,1781.10,2,B
09:32:18,1781.10,2,B
09:32:18,1781.20,4,B
09:32:18,1781.20,6,B
09:32:17,1781.70,4,M
09:32:17,1781.70,14,M
09:32:17,1781.70,1,M
09:32:17,1781.40,1,M
09:32:16,1781.60,1,M
09:32:16,1781.60,1,M
09:32:16,1781.50,1,M
09:32:16,1781.10,1,B
09:32:16,1781.00,1,B
09:32:16,1781.00,1,B
09:32:16,1781.70,3,M
09:32:16,1781.70,2,M
09:32:16,1781.60,1,M
09:32:16,1781.50,1,M
09:32:15,1781.70,1,M
09:32:15,1780.80,2,B
09:32:15,1781.00,1,B
09:32:15,1781.00,1,B
09:32:15,1781.00,1,B
09:32:15,1781.00,1,B
09:32:15,1781.00,1,B
09:32:15,1781.10,2,B
09:32:15,1781.20,1,B
09:32:15,1781.40,25,B
09:32:15,1781.70,15,B
09:32:14,1781.70,1,B
09:32:14,1781.70,1,B
09:32:13,1781.70,5,B
09:32:13,1781.80,1,M
09:32:13,1781.70,2,B
09:32:13,1781.70,1,M
09:32:13,1781.60,4,M
09:32:13,1781.50,1,M
09:32:13,1781.40,1,B
09:32:13,1781.40,1,B
09:32:13,1781.40,4,B
09:32:13,1781.40,1,B
09:32:13,1781.40,1,B
09:32:13,1781.50,1,B
09:32:13,1781.50,1,B
09:32:13,1781.60,11,B
09:32:12,1781.90,1,M
09:32:12,1781.80,1,M
09:32:12,1781.60,1,B
09:32:12,1781.80,1,M
09:32:12,1781.50,1,B
09:32:11,1781.50,1,B
09:32:11,1781.60,1,B
09:32:11,1781.60,1,B
09:32:11,1781.50,1,B
09:32:11,1782.20,1,M
09:32:11,1782.20,3,M
09:32:11,1782.00,1,M
09:32:11,1782.00,1,M
09:32:11,1781.40,3,B
09:32:11,1781.40,2,B
09:32:11,1781.50,2,B
09:32:11,1782.00,1,M
09:32:11,1782.00,1,M
09:32:11,1781.40,1,M
09:32:11,1781.20,1,B
09:32:11,1781.20,1,B
09:32:11,1781.30,1,B
09:32:11,1781.30,1,B
09:32:11,1781.30,1,B
09:32:11,1781.30,1,B
09:32:11,1781.30,1,B
09:32:11,1781.30,1,B
09:32:11,1782.10,2,M
09:32:11,1782.10,3,M
09:32:11,1782.10,3,M
09:32:11,1782.00,1,M
09:32:11,1781.90,1,M
09:32:11,1781.90,1,M
09:32:11,1781.90,1,M
09:32:11,1781.90,1,M
09:32:11,1781.90,1,M
09:32:11,1781.90,1,M
09:32:11,1781.70,1,M
09:32:11,1781.60,1,M
09:32:10,1781.40,1,B
09:32:10,1781.60,1,M
09:32:10,1781.70,1,M
09:32:10,1781.70,1,M
09:32:10,1781.70,1,M
09:32:10,1781.70,1,M
09:32:10,1781.30,1,B
09:32:10,1782.00,1,M
09:32:10,1782.00,1,M
09:32:10,1782.00,1,M
09:32:10,1782.00,1,M
09:32:10,1781.10,1,B
09:32:10,1782.00,1,M
09:32:10,1782.00,1,M
09:32:10,1782.00,1,M
09:32:10,1781.10,1,B
09:32:10,1781.10,2,B
09:32:10,1781.20,1,B
09:32:10,1781.20,1,B
09:32:10,1781.20,1,B
09:32:10,1782.00,1,M
09:32:10,1782.00,1,M
09:32:10,1782.00,1,M
09:32:10,1782.00,1,M
09:32:10,1782.00,1,M
09:32:10,1782.00,1,M
09:32:10,1781.80,1,M
09:32:10,1781.20,1,B
09:32:10,1781.80,1,M
09:32:10,1781.20,1,B
09:32:10,1781.20,1,B
09:32:10,1781.20,1,B
09:32:10,1781.20,1,B
09:32:10,1781.20,1,B
09:32:10,1781.20,1,B
09:32:10,1781.00,1,B
09:32:10,1781.10,1,B
09:32:10,1782.10,1,M
09:32:10,1781.90,1,M
09:32:10,1781.10,1,B
09:32:10,1781.10,1,B
09:32:10,1781.10,5,B
09:32:10,1781.20,6,B
09:32:10,1781.30,6,B
09:32:10,1781.50,1,B
09:32:10,1781.70,6,B
09:32:10,1781.80,1,B
09:32:10,1781.80,1,B
09:32:10,1781.80,1,B
09:32:10,1781.90,1,B
09:32:10,1782.00,2,B
09:32:09,1782.20,1,M
09:32:09,1782.00,1,B
09:32:09,1782.00,9,B
09:32:09,1782.10,14,B
09:32:09,1782.10,1,B
09:32:09,1782.10,1,B
09:32:09,1782.10,1,M
09:32:09,1782.10,1,M
09:32:09,1782.10,1,M
09:32:09,1782.10,1,M
09:32:09,1782.00,5,B
09:32:09,1782.00,20,B
09:32:09,1782.00,1,B
09:32:09,1782.00,1,B
09:32:09,1782.20,1,M
09:32:09,1782.20,1,M
09:32:09,1782.20,1,M
09:32:08,1782.10,1,B
09:32:08,1782.30,1,M
09:32:08,1782.30,3,B
09:32:08,1782.30,3,B
09:32:08,1782.30,5,B
09:32:08,1782.30,3,B
09:32:07,1782.30,4,B
09:32:07,1782.30,1,B
09:32:07,1782.20,1,M
09:32:07,1782.10,1,B
09:32:07,1782.20,2,B
09:32:06,1782.70,1,M
09:32:06,1782.30,1,B
09:32:06,1782.30,1,B
09:32:05,1782.80,1,M
09:32:05,1782.80,1,M
09:32:05,1782.00,13,B
09:32:05,1782.10,3,B
09:32:05,1782.10,3,B
09:32:05,1782.10,1,B
09:32:05,1782.10,4,B
09:32:05,1782.20,1,B
09:32:05,1782.20,1,B
09:32:05,1782.20,1,B
09:32:05,1782.90,2,M
09:32:05,1782.90,1,M
09:32:05,1782.90,1,M
09:32:05,1782.80,3,M
09:32:05,1782.80,3,M
09:32:05,1782.80,1,M
09:32:05,1782.80,1,M
09:32:05,1782.80,1,M
09:32:05,1782.70,1,M
09:32:05,1782.50,1,M
09:32:05,1782.00,1,B
09:32:05,1782.00,1,B
09:32:05,1781.80,1,B
09:32:05,1781.90,1,B
09:32:05,1782.10,1,B
09:32:05,1782.10,1,B
09:32:05,1782.20,1,B
09:32:05,1782.20,1,B
09:32:05,1782.20,1,B
09:32:05,1782.20,5,B
09:32:05,1782.30,1,B
09:32:05,1782.30,1,B
09:32:05,1782.40,1,B
09:32:05,1782.40,1,B
09:32:05,1782.90,1,M
09:32:04,1782.90,1,M
09:32:04,1782.90,1,M
09:32:04,1782.80,1,M
09:32:04,1782.80,1,M
09:32:04,1782.90,1,M
09:32:04,1782.30,11,B
09:32:04,1782.70,19,B
09:32:04,1782.90,1,M
09:32:04,1782.90,1,M
09:32:04,1782.80,1,M
09:32:04,1782.80,3,M
09:32:04,1782.80,3,M
09:32:04,1782.80,1,M
09:32:04,1782.70,30,M
09:32:04,1782.70,1,M
09:32:04,1782.20,2,B
09:32:04,1782.40,1,M
09:32:04,1782.20,1,B
09:32:04,1782.20,11,B
09:32:04,1782.20,1,B
09:32:04,1782.20,1,B
09:32:04,1782.20,1,B
09:32:04,1782.20,1,B
09:32:04,1782.30,1,B
09:32:03,1782.30,1,M
09:32:03,1782.20,1,B
09:32:03,1782.20,1,B
09:32:03,1782.20,3,B
09:32:03,1782.40,1,M
09:32:03,1782.30,1,B
09:32:03,1782.30,1,B
09:32:03,1782.20,1,B
09:32:03,1782.30,1,M
09:32:03,1782.30,1,M
09:32:03,1782.70,1,M
09:32:02,1782.70,1,M
09:32:02,1782.60,1,M
09:32:02,1782.60,1,M
09:32:02,1782.30,1,M
09:32:02,1782.20,1,B
09:32:02,1782.70,1,M
09:32:02,1782.00,11,M
09:32:02,1782.00,6,B
09:32:02,1782.10,4,B
09:32:02,1782.20,3,B
09:32:02,1782.20,1,B
09:32:02,1782.20,1,B
09:32:02,1782.20,1,B
09:32:02,1782.20,1,B
09:32:02,1782.30,1,B
09:32:02,1782.50,1,B
09:32:01,1782.30,1,B
09:32:01,1782.30,1,B
09:32:01,1782.40,1,B
09:32:01,1782.20,1,B
09:32:01,1782.60,3,M
09:32:01,1782.60,1,M
09:32:01,1782.10,2,B
09:32:01,1782.70,1,M
09:32:00,1782.70,1,M
09:32:00,1782.70,6,M
09:32:00,1782.60,1,M
09:32:00,1782.20,13,M
09:32:00,1782.20,5,M
09:32:00,1782.20,2,M
09:32:00,1782.20,1,M
09:32:00,1782.20,1,B
09:32:00,1782.40,1,B
09:32:00,1782.70,4,M
09:32:00,1782.90,1,M
09:32:00,1782.90,1,M
09:32:00,1782.20,1,B
09:32:00,1782.90,1,M
09:32:00,1782.30,1,B
09:32:00,1782.40,1,B
09:32:00,1782.90,1,M
09:32:00,1782.40,1,B
09:32:00,1782.40,1,B
09:32:00,1782.40,1,B
09:32:00,1782.60,1,B
09:32:00,1783.00,1,M
09:32:00,1783.00,1,M
09:32:00,1782.90,1,B
09:32:00,1782.90,1,B
09:31:59,1783.00,1,M
09:31:59,1782.90,1,B
09:31:59,1782.90,6,M
09:31:59,1782.40,1,B
09:31:59,1782.80,1,M
09:31:59,1782.80,1,M
09:31:59,1782.30,6,B
09:31:59,1782.30,1,B
09:31:59,1782.30,1,B
09:31:59,1783.40,17,M
09:31:59,1783.40,1,M
09:31:59,1783.30,1,M
09:31:59,1783.30,6,M
09:31:59,1783.20,20,M
09:31:59,1783.20,1,M
09:31:59,1783.10,2,M
09:31:59,1783.10,1,M
09:31:59,1783.00,4,M
09:31:59,1783.00,1,M
09:31:59,1782.90,1,M
09:31:59,1782.80,1,M
09:31:59,1782.70,4,M
09:31:59,1782.80,1,M
09:31:59,1782.20,1,B
09:31:59,1782.20,1,B
09:31:59,1782.20,1,B
09:31:59,1782.20,1,B
09:31:59,1782.20,1,B
09:31:59,1782.20,1,B
09:31:59,1782.90,6,B
09:31:58,1782.90,1,B
09:31:58,1782.90,1,M
09:31:58,1782.50,12,M
09:31:58,1782.50,1,B
09:31:58,1782.50,4,B
09:31:58,1782.80,3,B
09:31:58,1782.90,3,B
09:31:58,1782.90,1,B
09:31:58,1782.90,1,B
09:31:58,1782.90,1,B
09:31:58,1782.90,1,B
09:31:58,1782.90,1,B
09:31:58,1783.10,1,M
09:31:58,1783.10,1,M
09:31:58,1783.00,1,M
09:31:57,1783.00,1,M
09:31:57,1783.10,1,M
09:31:57,1782.90,2,B
09:31:57,1782.90,1,B
09:31:57,1782.90,4,B
09:31:57,1783.10,1,M
09:31:57,1783.10,1,M
09:31:57,1782.90,3,B
09:31:57,1783.00,1,M
09:31:57,1782.90,1,B
09:31:57,1783.00,4,M
09:31:57,1783.00,1,M
09:31:56,1783.10,1,M
09:31:56,1783.10,5,M
09:31:56,1782.90,15,M
09:31:56,1783.30,4,M
09:31:56,1782.90,1,B
09:31:56,1783.40,1,M
09:31:56,1783.30,1,M
09:31:56,1781.80,1,B
09:31:56,1782.80,1,B
09:31:56,1783.20,1,M
09:31:56,1781.80,2,B
09:31:56,1782.00,1,B
09:31:56,1782.10,1,B
09:31:56,1782.60,1,B
09:31:56,1782.70,1,B
09:31:56,1782.70,2,B
09:31:56,1782.80,1,B
09:31:56,1782.90,1,B
09:31:56,1783.30,1,M
09:31:56,1782.70,1,B
09:31:56,1782.70,3,B
09:31:56,1782.80,1,B
09:31:56,1783.30,1,B
09:31:55,1783.40,3,B
09:31:55,1783.60,1,M
09:31:55,1783.40,1,B
09:31:55,1783.80,1,M
09:31:55,1783.80,2,M
09:31:55,1783.80,1,M
09:31:55,1783.80,1,M
09:31:55,1782.60,3,B
09:31:55,1782.80,1,B
09:31:55,1783.20,1,B
09:31:55,1784.90,2,M
09:31:55,1784.80,1,M
09:31:55,1783.90,1,M
09:31:55,1783.90,1,M
09:31:54,1784.90,1,M
09:31:54,1783.60,1,M
09:31:54,1784.90,1,M
09:31:54,1784.80,20,M
09:31:54,1784.80,1,M
09:31:54,1784.70,2,M
09:31:54,1784.70,1,M
09:31:54,1784.40,9,M
09:31:54,1784.20,1,M
09:31:54,1784.10,5,M
09:31:54,1784.10,5,M
09:31:54,1784.00,1,M
09:31:54,1784.00,30,M
09:31:54,1783.90,1,M
09:31:54,1783.80,2,M
09:31:54,1783.70,10,M
09:31:54,1783.50,3,M
09:31:54,1783.30,2,M
09:31:54,1783.20,1,M
09:31:54,1782.80,6,M
09:31:54,1782.90,2,M
09:31:54,1782.90,1,M
09:31:54,1782.80,5,M
09:31:54,1782.80,1,M
09:31:54,1782.90,1,M
09:31:54,1781.10,1,B
09:31:54,1781.40,1,B
09:31:54,1781.40,1,B
09:31:54,1781.40,1,B
09:31:54,1781.50,1,B
09:31:54,1782.90,1,M
09:31:54,1782.90,1,M
09:31:54,1782.80,1,M
09:31:54,1783.00,1,M
09:31:54,1783.00,1,M
09:31:54,1783.00,1,M
09:31:54,1782.90,1,M
09:31:54,1782.90,1,M
09:31:54,1782.90,5,M
09:31:54,1782.90,1,M
09:31:54,1782.80,1,M
09:31:54,1782.80,1,M
09:31:53,1782.80,1,M
09:31:53,1782.80,1,M
09:31:53,1782.80,1,M
09:31:53,1782.80,1,M
09:31:53,1782.80,1,M
09:31:53,1782.80,1,M
09:31:53,1782.80,1,M
09:31:53,1781.80,1,B
09:31:53,1782.80,1,M
09:31:53,1780.70,3,B
09:31:53,1782.90,1,M
09:31:53,1780.70,1,M
09:31:53,1783.00,1,M
09:31:53,1780.50,1,B
09:31:53,1783.00,1,M
09:31:53,1782.80,1,M
09:31:53,1782.30,1,M
09:31:53,1782.20,1,M
09:31:53,1782.20,2,M
09:31:53,1782.00,7,M
09:31:53,1782.00,1,M
09:31:53,1782.00,1,M
09:31:53,1782.00,1,M
09:31:53,1781.90,2,M
09:31:53,1781.80,2,M
09:31:53,1781.60,7,M
09:31:53,1781.60,1,M
09:31:53,1781.40,3,M
09:31:53,1781.20,11,M
09:31:53,1781.20,1,M
09:31:53,1781.10,4,M
09:31:53,1780.60,1,M
09:31:53,1780.60,1,M
09:31:53,1780.60,1,M
09:31:52,1780.50,4,M
09:31:52,1780.40,1,M
09:31:52,1780.40,1,M
09:31:52,1780.30,1,M
09:31:51,1780.40,2,M
09:31:51,1780.40,2,M
09:31:51,1780.40,1,M
09:31:51,1780.30,1,M
09:31:51,1780.00,1,M
09:31:51,1780.30,1,M
09:31:51,1780.50,2,M
09:31:51,1780.50,6,M
09:31:51,1780.40,6,M
09:31:51,1780.40,1,M
09:31:51,1780.40,1,M
09:31:51,1780.40,1,M
09:31:51,1780.40,1,M
09:31:51,1779.90,1,M
09:31:51,1779.80,1,M
09:31:51,1779.80,1,M
09:31:51,1779.80,1,M
09:31:51,1779.70,1,M
09:31:51,1779.60,1,M
09:31:51,1779.60,1,M
09:31:51,1779.40,1,B
09:31:51,1779.40,1,B
09:31:51,1779.70,1,M
09:31:51,1778.90,1,B
09:31:51,1779.00,1,B
09:31:51,1779.00,1,B
09:31:51,1779.40,1,B
09:31:51,1779.00,1,B
09:31:51,1779.00,1,B
09:31:51,1779.80,1,M
09:31:51,1779.40,1,B
09:31:51,1779.30,1,B
09:31:51,1779.40,1,B
09:31:51,1779.40,1,B
09:31:51,1779.40,1,B
09:31:51,1779.30,1,B
09:31:51,1780.50,1,M
09:31:50,1779.30,1,B
09:31:50,1780.50,1,M
09:31:50,1780.50,4,M
09:31:50,1780.10,1,M
09:31:50,1779.90,1,M
09:31:50,1779.90,1,M
09:31:50,1779.90,1,M
09:31:50,1779.90,1,M
09:31:50,1779.90,1,M
09:31:50,1779.80,1,M
09:31:50,1779.30,1,B
09:31:50,1779.30,1,B
09:31:50,1779.30,1,B
09:31:50,1779.80,1,M
09:31:50,1779.30,1,B
09:31:50,1779.80,1,M
09:31:50,1779.30,1,B
09:31:50,1779.30,1,B
09:31:50,1779.40,1,B
09:31:50,1779.30,1,B
09:31:50,1779.30,1,B
09:31:50,1779.90,1,M
09:31:50,1779.30,1,B
09:31:50,1779.40,1,B
09:31:50,1779.30,1,B
09:31:50,1779.30,1,B
09:31:50,1779.30,1,B
09:31:50,1779.00,1,B
09:31:50,1779.00,1,B
09:31:50,1779.10,1,B
09:31:50,1779.20,1,B
09:31:50,1779.20,1,B
09:31:50,1779.20,1,B
09:31:50,1779.20,1,B
09:31:50,1779.40,1,B
09:31:50,1779.40,1,B
09:31:50,1779.50,1,B
09:31:50,1779.40,1,B
09:31:50,1779.50,1,B
09:31:50,1779.20,1,B
09:31:50,1779.30,1,B
09:31:50,1779.30,1,B
09:31:50,1779.30,1,B
09:31:50,1779.30,2,B
09:31:50,1779.30,1,B
09:31:50,1779.30,1,B
09:31:50,1780.20,5,M
09:31:50,1780.20,2,M
09:31:50,1780.20,1,M
09:31:50,1780.10,5,M
09:31:50,1780.10,1,M
09:31:50,1780.00,1,M
09:31:50,1780.00,1,M
09:31:50,1780.00,2,M
09:31:50,1780.00,1,M
09:31:50,1780.00,5,M
09:31:50,1780.00,1,M
09:31:50,1780.00,1,M
09:31:50,1780.00,1,M
09:31:50,1780.00,3,M
09:31:50,1780.00,1,M
09:31:50,1779.30,1,B
09:31:50,1779.30,1,B
09:31:50,1779.60,1,B
09:31:50,1779.60,1,B
09:31:50,1779.30,1,B
09:31:50,1779.30,1,B
09:31:50,1779.30,1,B
09:31:50,1779.30,1,B
09:31:50,1779.30,1,B
09:31:50,1779.30,1,B
09:31:50,1779.30,1,B
09:31:50,1779.30,1,B
09:31:50,1780.00,1,M
09:31:50,1779.30,1,B
09:31:50,1779.40,1,B
09:31:50,1780.00,1,M
09:31:50,1780.00,1,M
09:31:50,1780.00,1,M
09:31:50,1779.50,1,B
09:31:50,1779.60,1,B
09:31:50,1780.00,4,M
09:31:50,1780.00,9,M
09:31:50,1780.00,4,M
09:31:50,1779.70,1,M
09:31:50,1779.70,1,M
09:31:49,1780.00,1,M
09:31:49,1780.00,2,M
09:31:49,1780.00,2,M
09:31:49,1780.00,5,M
09:31:49,1779.90,1,M
09:31:49,1779.90,2,M
09:31:49,1779.90,1,M
09:31:49,1779.90,1,M
09:31:49,1779.80,1,M
09:31:49,1779.80,1,M
09:31:49,1779.20,1,B
09:31:49,1779.20,1,B
09:31:49,1779.20,1,B
09:31:49,1779.20,1,B
09:31:49,1779.10,2,B
09:31:49,1780.00,2,M
09:31:49,1780.00,1,M
09:31:49,1779.90,1,M
09:31:49,1779.90,1,M
09:31:49,1780.00,2,M
09:31:49,1780.00,1,M
09:31:49,1780.00,1,M
09:31:49,1780.00,1,M
09:31:49,1780.00,1,M
09:31:49,1780.00,1,M
09:31:49,1779.80,1,M
09:31:49,1779.50,1,M
09:31:49,1779.50,4,M
09:31:49,1779.40,1,M
09:31:49,1779.40,1,M
09:31:48,1779.30,2,M
09:31:48,1779.30,1,M
09:31:48,1779.30,2,M
09:31:46,1778.80,3,B
09:31:46,1779.50,3,M
09:31:46,1779.40,1,M
09:31:46,1779.40,1,M
09:31:46,1779.40,1,M
09:31:46,1779.40,4,M
09:31:46,1779.40,1,M
09:31:46,1779.40,1,M
09:31:46,1779.40,1,M
09:31:46,1779.40,1,M
09:31:46,1779.40,1,M
09:31:46,1779.40,1,M
09:31:46,1779.40,6,M
09:31:46,1779.30,1,M
09:31:46,1779.30,3,M
09:31:46,1779.20,1,M
09:31:46,1778.70,2,B
09:31:46,1778.80,1,B
09:31:46,1779.20,1,M
09:31:45,1779.00,1,M
09:31:45,1778.90,3,M
09:31:45,1778.90,1,M
09:31:45,1778.80,1,B
09:31:45,1778.90,1,M
09:31:45,1778.70,1,B
09:31:45,1779.30,1,M
09:31:45,1779.20,1,M
09:31:45,1779.20,1,M
09:31:45,1779.00,1,M
09:31:45,1778.20,11,B
09:31:45,1778.40,1,B
09:31:45,1778.60,1,B
09:31:45,1778.60,7,B
09:31:45,1778.60,1,B
09:31:45,1778.70,2,M
09:31:44,1778.70,1,M
09:31:43,1778.20,1,B
09:31:43,1778.40,1,B
09:31:43,1778.40,1,B
09:31:43,1778.70,2,M
09:31:43,1778.70,1,M
09:31:43,1778.70,1,M
09:31:43,1778.70,1,M
09:31:43,1778.70,2,M
09:31:42,1779.30,1,M
09:31:42,1779.30,1,M
09:31:42,1778.80,1,M
09:31:42,1778.80,1,M
09:31:42,1778.80,1,M
09:31:42,1778.80,1,M
09:31:42,1778.80,1,M
09:31:42,1778.80,1,M
09:31:42,1778.80,1,M
09:31:42,1778.80,1,M
09:31:41,1778.30,1,B
09:31:41,1778.70,1,M
09:31:40,1778.60,1,M
09:31:40,1778.30,1,B
09:31:40,1778.40,1,B
09:31:40,1778.40,1,B
09:31:40,1778.40,1,B
09:31:40,1778.80,1,M
09:31:40,1778.70,1,M
09:31:40,1778.30,1,B
09:31:40,1778.30,1,B
09:31:40,1778.30,1,B
09:31:40,1778.90,1,M
09:31:40,1777.20,1,B
09:31:40,1777.20,3,B
09:31:40,1778.90,1,M
09:31:40,1778.20,1,B
09:31:40,1778.20,1,B
09:31:40,1778.30,1,B
09:31:40,1778.30,1,B
09:31:40,1778.30,1,B
09:31:40,1778.30,1,B
09:31:40,1777.20,6,B
09:31:40,1777.20,3,B
09:31:40,1778.20,3,B
09:31:40,1778.20,3,B
09:31:40,1778.30,3,B
09:31:40,1777.20,1,B
09:31:40,1777.20,1,B
09:31:40,1777.20,2,B
09:31:40,1777.40,1,B
09:31:40,1777.40,1,B
09:31:40,1777.40,1,B
09:31:40,1777.40,5,B
09:31:40,1777.40,8,B
09:31:40,1777.40,1,B
09:31:40,1777.40,1,B
09:31:40,1777.40,4,B
09:31:40,1777.40,1,B
09:31:40,1777.40,9,B
09:31:40,1777.50,10,B
09:31:40,1777.60,3,B
09:31:40,1777.60,1,B
09:31:40,1777.60,2,B
09:31:40,1777.80,1,B
09:31:40,1777.80,2,B
09:31:40,1778.00,1,B
09:31:40,1778.00,1,B
09:31:40,1778.00,6,B
09:31:40,1778.00,1,B
09:31:40,1778.10,1,B
09:31:40,1779.50,2,M
09:31:40,1779.50,1,M
09:31:40,1779.50,4,M
09:31:40,1779.50,1,M
09:31:40,1779.50,1,M
09:31:40,1778.20,3,B
09:31:40,1779.50,3,M
09:31:40,1779.40,1,M
09:31:40,1779.40,1,M
09:31:40,1779.40,3,M
09:31:40,1779.00,1,M
09:31:40,1779.00,3,M
09:31:40,1779.00,1,M
09:31:40,1778.60,1,M
09:31:40,1778.60,1,M
09:31:40,1778.30,1,B
09:31:40,1778.50,1,B
09:31:40,1778.70,1,B
09:31:40,1779.00,1,M
09:31:40,1779.00,1,M
09:31:40,1779.00,1,M
09:31:39,1779.00,1,M
09:31:39,1778.70,1,B
09:31:39,1779.00,2,M
09:31:39,1778.80,1,M
09:31:39,1778.70,1,M
09:31:39,1778.70,1,B
09:31:39,1778.70,1,B
09:31:39,1778.20,1,B
09:31:39,1778.70,5,B
09:31:38,1778.70,1,M
09:31:38,1778.80,1,M
09:31:38,1778.80,6,M
09:31:38,1778.40,1,M
09:31:38,1778.30,2,M
09:31:38,1778.10,1,B
09:31:38,1778.10,1,M
09:31:38,1778.10,1,M
09:31:38,1778.10,1,M
09:31:38,1778.10,1,M
09:31:38,1778.10,1,M
09:31:38,1778.10,2,M
09:31:38,1778.10,1,M
09:31:37,1778.10,1,M
09:31:37,1778.10,1,M
09:31:37,1778.00,1,B
09:31:37,1778.90,8,M
09:31:37,1778.80,1,M
09:31:37,1778.80,1,M
09:31:37,1778.80,2,M
09:31:37,1778.80,3,M
09:31:37,1778.50,26,M
09:31:37,1778.50,1,M
09:31:37,1778.10,1,M
09:31:37,1778.10,1,M
09:31:37,1778.10,1,M
09:31:37,1778.10,1,M
09:31:37,1778.10,1,M
09:31:37,1778.10,1,M
09:31:37,1778.10,1,M
09:31:37,1778.10,2,M
09:31:36,1778.10,1,M
09:31:36,1778.00,1,M
09:31:36,1778.10,1,M
09:31:36,1777.80,23,B
09:31:36,1777.90,1,B
09:31:36,1778.00,1,B
09:31:36,1778.00,2,B
09:31:36,1778.00,1,B
09:31:36,1778.00,2,B
09:31:36,1778.10,1,M
09:31:36,1778.10,1,M
09:31:36,1778.40,1,B
09:31:36,1778.40,1,B
09:31:36,1778.50,6,B
09:31:36,1778.60,9,B
09:31:35,1778.70,1,M
09:31:35,1778.70,1,M
09:31:35,1778.70,1,M
09:31:34,1778.60,1,B
09:31:34,1778.60,1,B
09:31:34,1778.80,1,M
09:31:34,1778.80,1,M
09:31:34,1778.70,1,M
09:31:34,1778.70,1,M
09:31:34,1778.70,1,M
09:31:34,1778.60,4,B
09:31:34,1778.60,7,B
09:31:34,1778.60,1,B
09:31:34,1778.70,1,M
09:31:34,1778.70,1,M
09:31:34,1778.70,1,M
09:31:33,1778.70,2,M
09:31:33,1778.70,2,M
09:31:33,1778.70,1,M
09:31:33,1778.60,1,B
09:31:33,1778.60,3,B
09:31:33,1778.80,1,B
09:31:33,1778.80,1,B
09:31:33,1778.80,1,B
09:31:33,1778.80,1,B
09:31:33,1778.80,1,B
09:31:33,1778.80,1,B
09:31:33,1779.30,2,M
09:31:33,1779.30,1,M
09:31:33,1779.00,1,M
09:31:33,1778.80,1,M
09:31:32,1778.80,1,M
09:31:32,1778.60,1,B
09:31:32,1778.80,1,M
09:31:32,1778.80,1,M
09:31:32,1778.60,1,B
09:31:32,1778.80,1,M
09:31:31,1778.60,1,B
09:31:31,1778.70,4,B
09:31:31,1778.80,1,M
09:31:31,1778.70,2,B
09:31:31,1778.80,3,M
09:31:31,1778.80,1,M
09:31:31,1778.80,1,M
09:31:31,1778.80,1,M
09:31:31,1778.80,2,M
09:31:31,1778.90,1,B
09:31:31,1779.00,4,B
09:31:31,1779.10,3,B
09:31:31,1779.10,1,B
09:31:31,1779.10,1,B
09:31:31,1779.10,1,B
09:31:31,1779.20,1,B
09:31:31,1779.20,1,B
09:31:31,1779.30,1,B
09:31:31,1779.40,1,M
09:31:31,1779.40,10,M
09:31:31,1779.30,1,B
09:31:30,1779.40,1,M
09:31:30,1779.40,1,M
09:31:30,1779.20,1,B
09:31:30,1779.40,3,M
09:31:30,1779.40,9,M
09:31:30,1779.30,1,M
09:31:30,1778.80,2,M
09:31:30,1778.80,1,M
09:31:30,1778.80,5,M
09:31:30,1778.80,1,M
09:31:30,1778.80,1,M
09:31:29,1778.80,1,M
09:31:29,1778.80,11,M
09:31:29,1778.80,1,B
09:31:29,1778.80,1,B
09:31:29,1778.90,1,B
09:31:29,1778.90,1,B
09:31:29,1779.00,1,B
09:31:29,1779.10,1,B
09:31:29,1779.40,1,B
09:31:29,1779.50,1,B
09:31:29,1779.90,4,M
09:31:29,1779.80,1,M
09:31:29,1779.80,6,M
09:31:29,1779.70,5,M
09:31:29,1779.70,1,M
09:31:29,1779.60,1,M
09:31:29,1779.60,2,M
09:31:29,1779.10,1,B
09:31:29,1779.10,1,B
09:31:29,1779.50,1,B
09:31:29,1779.50,1,M
09:31:29,1779.50,1,M
09:31:29,1779.40,1,M
09:31:29,1779.40,1,M
09:31:28,1778.80,1,B
09:31:28,1778.90,1,B
09:31:28,1779.50,1,M
09:31:28,1779.40,1,M
09:31:28,1779.50,2,M
09:31:28,1778.80,1,B
09:31:28,1778.80,1,B
09:31:28,1778.90,1,B
09:31:28,1778.90,1,B
09:31:28,1779.00,1,B
09:31:28,1779.50,1,M
09:31:28,1779.50,1,M
09:31:28,1779.50,1,M
09:31:28,1779.40,1,M
09:31:28,1779.10,1,B
09:31:28,1779.40,1,M
09:31:28,1779.50,1,M
09:31:27,1778.80,1,B
09:31:27,1778.80,1,B
09:31:27,1779.50,1,M
09:31:27,1779.60,2,M
09:31:27,1778.70,1,B
09:31:27,1779.60,1,M
09:31:27,1778.70,1,B
09:31:27,1779.10,1,M
09:31:27,1779.50,1,B
09:31:27,1779.90,2,M
09:31:27,1779.90,1,M
09:31:27,1779.90,1,M
09:31:27,1779.90,1,M
09:31:27,1779.90,2,M
09:31:27,1779.90,22,M
09:31:27,1779.80,2,M
09:31:27,1779.80,1,M
09:31:27,1779.70,1,M
09:31:27,1779.40,11,M
09:31:27,1779.30,8,M
09:31:27,1779.30,1,M
09:31:27,1779.20,1,M
09:31:27,1778.30,1,M
09:31:27,1778.20,1,M
09:31:27,1778.10,2,M
09:31:27,1778.00,2,M
09:31:27,1778.00,1,M
09:31:27,1778.00,10,M
09:31:27,1778.00,1,M
09:31:27,1777.90,1,M
09:31:27,1777.90,84,M
09:31:27,1777.60,1,M
09:31:26,1777.90,1,M
09:31:26,1777.90,7,M
09:31:26,1777.80,10,M
09:31:26,1777.70,3,M
09:31:26,1777.70,17,M
09:31:26,1777.60,17,M
09:31:26,1777.60,2,M
09:31:26,1777.60,1,M
09:31:26,1777.20,1,B
09:31:26,1777.40,1,B
09:31:26,1777.60,1,M
09:31:26,1777.60,9,B
09:31:26,1777.60,2,M
09:31:25,1777.50,2,B
09:31:25,1777.50,1,B
09:31:24,1777.40,1,B
09:31:24,1777.70,1,M
09:31:24,1777.70,1,M
09:31:24,1777.40,1,B
09:31:24,1777.70,1,M
09:31:24,1777.40,2,M
09:31:24,1777.40,1,M
09:31:24,1777.40,2,M
09:31:24,1777.40,1,M
09:31:24,1777.40,1,M
09:31:24,1777.40,1,M
09:31:23,1777.40,1,M
09:31:23,1777.40,1,M
09:31:23,1777.30,5,M
09:31:23,1777.30,1,M
09:31:23,1777.20,2,B
09:31:23,1777.40,3,M
09:31:23,1777.20,1,B
09:31:23,1777.20,1,B
09:31:23,1777.20,1,B
09:31:23,1777.30,2,B
09:31:23,1777.30,1,B
09:31:23,1777.40,1,M
09:31:23,1777.40,1,M
09:31:23,1777.40,1,M
09:31:23,1777.40,3,M
09:31:22,1777.40,1,M
09:31:22,1777.40,1,M
09:31:22,1777.40,1,M
09:31:22,1777.40,5,M
09:31:22,1777.40,1,M
09:31:22,1777.40,1,M
09:31:22,1777.60,1,B
09:31:22,1777.50,1,B
09:31:22,1777.80,3,M
09:31:22,1777.80,1,M
09:31:22,1777.40,1,B
09:31:22,1777.90,2,M
09:31:22,1777.90,1,M
09:31:22,1777.90,1,M
09:31:21,1777.90,3,M
09:31:21,1777.80,2,M
09:31:21,1777.60,1,M
09:31:21,1777.80,1,M
09:31:21,1777.70,1,M
09:31:21,1777.80,6,M
09:31:21,1777.70,1,M
09:31:21,1777.70,1,M
09:31:21,1777.70,4,M
09:31:21,1777.60,2,M
09:31:21,1777.60,9,M
09:31:21,1777.50,11,M
09:31:21,1777.40,6,M
09:31:21,1777.30,6,M
09:31:21,1777.30,1,M
09:31:21,1777.30,1,M
09:31:21,1777.10,1,M
09:31:21,1777.10,1,M
09:31:21,1777.00,1,M
09:31:21,1777.00,1,M
09:31:21,1776.90,1,B
09:31:21,1777.00,2,M
09:31:20,1777.00,23,M
09:31:20,1777.00,1,M
09:31:20,1777.00,1,M
09:31:20,1777.10,1,M
09:31:20,1777.10,1,M
09:31:20,1776.40,1,B
09:31:20,1777.20,1,B
09:31:20,1777.40,3,M
09:31:20,1777.40,5,M
09:31:20,1777.40,1,B
09:31:20,1776.70,1,M
09:31:20,1776.70,1,B
09:31:20,1776.70,1,B
09:31:20,1776.80,2,B
09:31:20,1777.00,2,B
09:31:20,1777.40,3,B
09:31:20,1777.50,1,M
09:31:20,1777.40,2,M
09:31:20,1777.00,3,M
09:31:20,1777.00,1,M
09:31:19,1777.00,1,M
09:31:19,1777.00,1,M
09:31:19,1777.00,1,M
09:31:19,1777.00,5,M
09:31:19,1777.00,18,M
09:31:19,1776.80,1,M
09:31:19,1776.80,1,M
09:31:19,1776.80,1,B
09:31:19,1776.90,1,B
09:31:19,1776.90,1,B
09:31:19,1777.00,1,B
09:31:19,1777.00,1,B
09:31:19,1777.20,3,B
09:31:19,1777.20,1,M
09:31:19,1777.20,1,M
09:31:19,1777.20,5,M
09:31:18,1777.10,1,M
09:31:18,1777.10,1,M
09:31:18,1777.10,1,M
09:31:18,1776.60,1,B
09:31:18,1777.20,5,M
09:31:18,1777.20,5,M
09:31:18,1777.20,1,M
09:31:18,1777.20,4,M
09:31:18,1777.00,1,M
09:31:18,1777.00,1,M
09:31:18,1777.00,1,M
09:31:18,1777.00,10,M
09:31:18,1777.00,2,M
09:31:18,1776.70,6,M
09:31:18,1776.60,2,M
09:31:18,1776.60,1,M
09:31:18,1776.20,1,B
09:31:18,1776.60,1,M
09:31:18,1776.60,1,M
09:31:17,1776.60,4,M
09:31:17,1776.30,1,M
09:31:17,1776.30,1,M
09:31:17,1776.20,1,M
09:31:17,1776.10,1,M
09:31:17,1776.10,8,M
09:31:17,1776.00,2,M
09:31:17,1776.00,1,M
09:31:17,1775.90,1,B
09:31:17,1775.80,1,M
09:31:17,1775.80,1,M
09:31:17,1775.60,1,M
09:31:17,1775.60,1,M
09:31:17,1775.60,1,M
09:31:17,1775.60,1,M
09:31:17,1775.60,22,M
09:31:17,1775.40,1,M
09:31:17,1775.40,6,M
09:31:17,1775.30,1,M
09:31:17,1775.30,1,M
09:31:17,1775.10,1,B
09:31:16,1775.20,1,M
09:31:16,1775.20,1,M
09:31:16,1775.10,1,M
09:31:16,1775.10,8,M
09:31:16,1774.60,8,B
09:31:16,1774.80,1,B
09:31:16,1774.80,1,B
09:31:16,1774.70,1,B
09:31:16,1775.10,1,M
09:31:16,1775.10,1,M
09:31:16,1775.10,1,M
09:31:15,1774.70,1,B
09:31:15,1775.10,15,M
09:31:15,1775.10,2,M
09:31:15,1775.00,1,M
09:31:15,1775.00,2,M
09:31:15,1774.70,2,B
09:31:15,1774.80,1,B
09:31:15,1774.90,2,B
09:31:15,1775.00,1,M
09:31:15,1774.90,1,B
09:31:15,1774.90,2,B
09:31:15,1774.90,1,B
09:31:15,1774.90,1,B
09:31:15,1775.00,2,M
09:31:15,1775.00,1,M
09:31:15,1774.90,10,M
09:31:15,1774.90,4,M
09:31:14,1774.90,1,M
09:31:14,1774.90,1,M
09:31:14,1774.40,2,B
09:31:14,1774.60,1,B
09:31:14,1774.60,1,B
09:31:14,1774.60,1,B
09:31:14,1774.60,1,B
09:31:14,1774.90,1,M
09:31:14,1774.80,1,M
09:31:14,1774.70,1,M
09:31:14,1774.70,4,M
09:31:14,1774.60,1,M
09:31:14,1774.50,1,B
09:31:14,1774.60,1,M
09:31:13,1774.40,2,B
09:31:13,1774.70,1,M
09:31:13,1774.40,2,B
09:31:13,1774.80,1,M
09:31:13,1774.70,4,M
09:31:13,1774.60,6,M
09:31:13,1774.30,1,M
09:31:13,1774.20,1,M
09:31:13,1774.20,1,M
09:31:13,1774.20,4,M
09:31:13,1774.10,2,M
09:31:13,1773.60,3,B
09:31:13,1773.60,2,B
09:31:13,1773.60,1,B
09:31:13,1774.10,1,M
09:31:13,1773.60,1,B
09:31:13,1774.00,1,B
09:31:12,1773.60,3,B
09:31:12,1774.10,5,M
09:31:12,1774.10,1,M
09:31:12,1774.10,1,M
09:31:12,1773.90,1,M
09:31:12,1773.90,1,M
09:31:12,1773.90,1,M
09:31:12,1773.80,1,M
09:31:12,1773.80,14,M
09:31:12,1773.80,4,M
09:31:12,1773.70,1,B
09:31:12,1773.70,1,B
09:31:12,1773.80,1,M
09:31:12,1773.80,12,B
09:31:12,1773.20,1,B
09:31:12,1773.60,1,B
09:31:12,1774.30,1,M
09:31:11,1774.30,1,M
09:31:11,1774.20,1,M
09:31:11,1774.20,1,M
09:31:11,1774.00,5,M
09:31:11,1774.00,1,M
09:31:11,1773.90,1,M
09:31:11,1773.90,1,M
09:31:11,1773.90,1,M
09:31:11,1773.80,2,M
09:31:11,1773.80,1,M
09:31:11,1773.60,1,M
09:31:11,1773.60,2,M
09:31:11,1773.60,2,M
09:31:11,1773.50,1,M
09:31:11,1773.50,2,M
09:31:11,1773.50,1,M
09:31:10,1773.50,1,M
09:31:10,1773.50,1,M
09:31:10,1773.50,1,M
09:31:10,1773.80,1,M
09:31:10,1773.80,1,M
09:31:10,1773.70,2,M
09:31:10,1773.60,4,M
09:31:10,1772.90,1,M
09:31:10,1772.50,1,B
09:31:10,1772.10,1,B
09:31:10,1772.10,1,B
09:31:10,1772.20,1,B
09:31:10,1772.20,1,B
09:31:10,1772.20,1,B
09:31:10,1772.20,1,B
09:31:10,1772.30,1,B
09:31:10,1772.40,1,B
09:31:10,1772.40,1,B
09:31:10,1772.40,1,B
09:31:10,1772.40,1,B
09:31:10,1772.40,1,B
09:31:10,1772.40,1,B
09:31:10,1772.40,1,B
09:31:10,1773.00,1,B
09:31:10,1773.00,1,B
09:31:10,1773.00,3,B
09:31:10,1773.00,1,B
09:31:10,1773.00,1,B
09:31:10,1773.00,1,B
09:31:10,1773.00,1,B
09:31:10,1773.00,1,B
09:31:10,1773.00,1,B
09:31:10,1773.00,1,B
09:31:10,1773.10,1,B
09:31:10,1773.10,1,B
09:31:10,1773.10,1,B
09:31:10,1773.10,9,B
09:31:10,1773.20,1,B
09:31:10,1773.70,1,M
09:31:09,1773.80,1,M
09:31:09,1773.10,1,B
09:31:09,1773.10,1,B
09:31:09,1773.30,2,B
09:31:09,1773.10,4,B
09:31:09,1773.10,1,B
09:31:09,1773.10,1,B
09:31:09,1773.10,1,B
09:31:09,1773.20,1,B
09:31:09,1773.20,1,B
09:31:09,1773.20,1,B
09:31:09,1773.20,1,B
09:31:09,1773.50,2,B
09:31:09,1773.50,3,B
09:31:09,1773.50,1,B
09:31:09,1773.50,1,B
09:31:09,1773.50,1,B
09:31:09,1773.90,1,M
09:31:08,1773.90,2,M
09:31:08,1773.90,1,M
09:31:08,1773.50,2,B
09:31:08,1773.80,1,M
09:31:08,1773.50,1,B
09:31:08,1773.50,1,B
09:31:08,1773.50,9,B
09:31:08,1773.50,3,B
09:31:08,1773.50,1,B
09:31:08,1773.50,1,M
09:31:08,1773.40,2,M
09:31:08,1773.00,6,M
09:31:08,1772.90,1,M
09:31:08,1772.90,1,M
09:31:07,1772.90,3,B
09:31:07,1773.00,1,M
09:31:07,1773.00,1,B
09:31:07,1773.00,4,B
09:31:07,1773.00,1,B
09:31:07,1773.40,10,M
09:31:07,1773.30,1,M
09:31:07,1773.10,1,M
09:31:07,1773.10,1,M
09:31:07,1773.10,1,M
09:31:07,1773.00,1,B
09:31:06,1773.20,1,M
09:31:06,1773.20,1,M
09:31:06,1773.10,2,B
09:31:06,1773.10,2,B
09:31:06,1773.10,1,B
09:31:06,1773.10,1,B
09:31:06,1773.40,1,B
09:31:06,1773.90,1,M
09:31:06,1773.40,1,B
09:31:06,1773.00,1,B
09:31:06,1773.00,1,B
09:31:06,1773.20,1,B
09:31:06,1773.30,1,B
09:31:06,1774.00,1,M
09:31:06,1773.90,1,M
09:31:06,1773.80,1,M
09:31:06,1773.80,1,M
09:31:05,1773.60,1,B
09:31:05,1773.60,1,B
09:31:05,1773.30,1,B
09:31:05,1773.30,1,B
09:31:05,1773.40,1,B
09:31:05,1773.50,1,B
09:31:05,1773.50,1,B
09:31:05,1774.10,3,M
09:31:05,1774.00,1,M
09:31:05,1774.00,1,M
09:31:05,1773.30,1,B
09:31:05,1773.40,1,B
09:31:05,1774.10,1,M
09:31:05,1774.30,1,M
09:31:05,1774.60,1,M
09:31:05,1774.20,1,M
09:31:05,1774.20,1,M
09:31:05,1774.20,1,M
09:31:05,1774.20,1,M
09:31:05,1774.70,2,M
09:31:05,1774.40,1,M
09:31:05,1772.90,1,B
09:31:05,1772.90,1,B
09:31:05,1773.00,1,B
09:31:05,1773.00,5,B
09:31:05,1773.10,3,B
09:31:05,1773.20,1,B
09:31:05,1773.20,5,B
09:31:05,1773.20,1,B
09:31:05,1774.30,2,B
09:31:05,1774.30,1,B
09:31:05,1774.30,1,B
09:31:05,1773.20,1,B
09:31:05,1773.20,1,B
09:31:05,1773.20,3,B
09:31:05,1774.30,2,B
09:31:05,1774.40,1,M
09:31:05,1774.40,1,M
09:31:05,1774.40,1,M
09:31:05,1773.10,1,B
09:31:05,1773.30,1,B
09:31:05,1773.30,2,B
09:31:05,1773.40,2,B
09:31:05,1773.60,1,B
09:31:05,1773.60,1,B
09:31:05,1773.60,1,B
09:31:05,1773.60,1,B
09:31:05,1773.70,1,B
09:31:05,1773.70,3,B
09:31:05,1773.80,1,B
09:31:05,1773.80,1,B
09:31:05,1773.90,2,B
09:31:05,1774.00,1,B
09:31:05,1774.00,4,B
09:31:05,1774.10,1,B
09:31:05,1774.10,1,B
09:31:05,1774.20,1,B
09:31:05,1774.20,1,B
09:31:05,1774.20,3,B
09:31:05,1774.50,3,M
09:31:05,1774.40,1,B
09:31:04,1774.30,1,M
09:31:04,1774.20,1,B
09:31:04,1774.20,1,B
09:31:04,1774.30,1,B
09:31:04,1774.30,1,B
09:31:04,1774.90,7,M
09:31:04,1774.80,1,M
09:31:04,1774.90,4,M
09:31:04,1774.80,1,M
09:31:04,1774.70,1,M
09:31:04,1774.30,1,B
09:31:04,1774.80,1,M
09:31:04,1774.80,1,M
09:31:04,1774.80,3,M
09:31:04,1774.40,1,M
09:31:04,1774.40,1,M
09:31:04,1774.10,1,B
09:31:04,1774.90,2,M
09:31:04,1774.90,1,M
09:31:04,1774.80,11,M
09:31:04,1774.40,2,M
09:31:04,1774.40,9,M
09:31:04,1774.30,1,B
09:31:03,1774.40,1,M
09:31:03,1774.40,1,M
09:31:03,1774.40,2,M
09:31:03,1774.40,1,B
09:31:03,1774.40,1,B
09:31:03,1774.50,1,B
09:31:03,1774.50,1,B
09:31:03,1774.50,1,B
09:31:03,1774.60,6,B
09:31:03,1774.60,1,B
09:31:03,1775.10,2,M
09:31:03,1774.90,1,M
09:31:03,1775.50,1,M
09:31:03,1775.50,2,M
09:31:03,1775.30,1,M
09:31:03,1775.20,1,M
09:31:03,1775.20,1,M
09:31:03,1775.00,1,B
09:31:03,1775.00,1,B
09:31:03,1775.00,1,B
09:31:03,1775.00,1,B
09:31:03,1775.00,1,B
09:31:03,1774.30,1,B
09:31:03,1774.30,6,B
09:31:03,1774.40,1,B
09:31:03,1774.40,1,B
09:31:03,1775.00,1,B
09:31:03,1775.00,2,B
09:31:03,1775.00,1,B
09:31:03,1775.00,2,B
09:31:03,1775.00,1,B
09:31:03,1775.00,1,B
09:31:03,1775.00,1,B
09:31:03,1775.00,1,B
09:31:02,1775.00,1,B
09:31:02,1775.10,1,B
09:31:02,1775.10,1,B
09:31:02,1775.10,1,B
09:31:02,1775.40,1,B
09:31:02,1775.40,1,B
09:31:02,1775.60,1,M
09:31:01,1775.50,1,M
09:31:01,1775.50,1,M
09:31:01,1775.70,2,M
09:31:01,1775.70,1,B
09:31:01,1775.70,2,B
09:31:01,1775.70,4,B
09:31:01,1775.70,4,B
09:31:01,1775.70,1,B
09:31:01,1776.00,12,M
09:31:01,1776.00,2,M
09:31:01,1775.70,1,B
09:31:00,1776.00,1,M
09:31:00,1776.00,5,M
09:31:00,1776.00,2,M
09:31:00,1776.00,1,M
09:31:00,1775.80,1,B
09:31:00,1776.00,2,M
09:31:00,1775.90,1,M
09:31:00,1775.90,1,M
09:31:00,1776.00,1,M
09:31:00,1776.00,1,M
09:31:00,1776.00,1,M
09:31:00,1776.00,1,M
09:31:00,1776.00,1,M
09:31:00,1776.00,1,M
09:31:00,1776.00,3,M
09:31:00,1776.10,1,B
09:31:00,1776.10,1,B
09:31:00,1776.20,1,B
09:31:00,1776.20,1,B
09:30:59,1776.70,5,M
09:30:59,1776.60,1,M
09:30:59,1776.60,1,M
09:30:59,1776.50,1,B
09:30:59,1776.70,1,M
09:30:59,1776.00,1,B
09:30:59,1775.80,1,M
09:30:59,1775.90,1,B
09:30:59,1776.00,2,B
09:30:59,1776.00,1,B
09:30:59,1776.00,15,B
09:30:59,1776.10,5,B
09:30:59,1776.20,2,B
09:30:59,1776.70,1,M
09:30:59,1776.40,1,M
09:30:59,1776.40,1,M
09:30:58,1776.70,1,M
09:30:58,1776.60,2,M
09:30:58,1776.60,1,M
09:30:58,1776.20,4,M
09:30:58,1776.30,2,M
09:30:58,1776.30,3,B
09:30:58,1776.30,1,B
09:30:58,1776.40,1,B
09:30:58,1776.60,1,M
09:30:57,1776.10,1,B
09:30:57,1776.10,1,B
09:30:57,1776.20,1,B
09:30:57,1776.30,1,B
09:30:57,1777.00,1,M
09:30:57,1777.00,3,M
09:30:57,1777.00,6,M
09:30:57,1776.90,1,M
09:30:57,1776.90,3,M
09:30:57,1776.80,1,M
09:30:57,1776.70,1,M
09:30:57,1776.70,1,M
09:30:57,1776.60,1,M
09:30:57,1776.60,2,M
09:30:56,1776.60,1,M
09:30:56,1776.10,1,B
09:30:56,1776.10,3,B
09:30:56,1776.10,1,B
09:30:56,1776.70,1,M
09:30:56,1776.70,1,M
09:30:56,1776.20,1,M
09:30:56,1776.10,1,B
09:30:56,1776.10,1,B
09:30:56,1776.10,1,B
09:30:56,1776.00,1,B
09:30:56,1776.80,1,B
09:30:56,1775.00,1,M
09:30:56,1774.00,3,M
09:30:56,1774.00,1,M
09:30:56,1774.00,1,B
09:30:56,1774.00,1,B
09:30:56,1774.00,1,B
09:30:56,1774.00,2,B
09:30:56,1774.00,1,B
09:30:56,1774.10,1,B
09:30:56,1774.20,1,B
09:30:56,1774.40,1,B
09:30:56,1774.40,1,B
09:30:56,1774.50,2,B
09:30:56,1774.50,1,B
09:30:56,1774.50,1,B
09:30:56,1774.50,1,B
09:30:56,1774.60,10,B
09:30:56,1774.70,2,B
09:30:56,1774.70,1,B
09:30:56,1774.80,1,B
09:30:56,1774.90,1,B
09:30:56,1774.90,1,B
09:30:56,1775.00,2,B
09:30:56,1775.00,10,B
09:30:56,1775.00,1,B
09:30:56,1775.10,12,B
09:30:56,1775.10,1,B
09:30:56,1775.20,6,B
09:30:56,1775.30,2,B
09:30:56,1775.40,7,B
09:30:56,1775.50,1,B
09:30:56,1775.50,2,B
09:30:56,1775.50,1,B
09:30:56,1775.50,1,B
09:30:56,1775.60,3,B
09:30:56,1775.80,1,B
09:30:56,1775.90,4,B
09:30:56,1775.90,4,B
09:30:56,1776.00,1,B
09:30:56,1776.10,11,B
09:30:56,1776.30,1,B
09:30:56,1776.30,1,B
09:30:56,1776.40,1,B
09:30:56,1776.40,1,B
09:30:56,1776.40,1,B
09:30:56,1776.50,1,B
09:30:56,1776.50,6,B
09:30:56,1776.60,1,B
09:30:56,1776.60,2,B
09:30:56,1776.70,2,B
09:30:56,1776.70,1,B
09:30:56,1777.00,1,B
09:30:56,1777.20,1,M
09:30:56,1777.00,1,B
09:30:55,1777.20,2,M
09:30:55,1777.00,1,M
09:30:55,1777.10,2,M
09:30:55,1777.10,1,M
09:30:55,1776.50,1,B
09:30:55,1776.60,2,B
09:30:55,1777.20,4,M
09:30:55,1777.20,1,M
09:30:55,1777.20,10,M
09:30:55,1777.00,1,M
09:30:55,1777.00,1,M
09:30:55,1777.00,5,M
09:30:55,1777.00,1,M
09:30:55,1777.00,1,M
09:30:55,1777.00,2,M
09:30:55,1777.00,1,M
09:30:55,1777.00,1,M
09:30:55,1776.80,1,M
09:30:54,1776.80,1,M
09:30:54,1776.80,2,M
09:30:54,1776.80,2,M
09:30:54,1776.50,1,M
09:30:54,1776.50,1,M
09:30:54,1776.50,1,M
09:30:54,1776.50,1,M
09:30:54,1776.40,3,M
09:30:54,1776.10,1,B
09:30:54,1776.40,1,B
09:30:54,1776.50,1,B
09:30:54,1776.50,1,B
09:30:54,1776.80,4,M
09:30:54,1776.80,1,M
09:30:54,1776.60,5,M
09:30:54,1775.40,3,B
09:30:54,1775.40,1,B
09:30:54,1775.40,1,B
09:30:54,1775.40,1,B
09:30:54,1775.40,7,B
09:30:54,1775.50,1,B
09:30:54,1775.60,1,B
09:30:54,1775.80,4,B
09:30:54,1775.80,4,B
09:30:54,1775.80,2,B
09:30:54,1775.90,1,B
09:30:54,1776.10,1,B
09:30:54,1776.40,1,B
09:30:54,1776.40,12,B
09:30:54,1776.40,1,B
09:30:54,1776.40,9,B
09:30:54,1776.50,1,M
09:30:53,1776.40,1,B
09:30:53,1776.40,2,M
09:30:53,1775.80,1,B
09:30:53,1776.00,3,B
09:30:53,1776.10,1,B
09:30:53,1776.40,4,M
09:30:53,1776.30,1,M
09:30:53,1776.30,5,M
09:30:53,1776.30,27,M
09:30:53,1776.20,3,M
09:30:53,1775.80,1,M
09:30:53,1776.30,3,M
09:30:53,1776.30,5,M
09:30:53,1776.10,5,M
09:30:53,1776.10,1,M
09:30:53,1775.80,1,B
09:30:53,1775.80,1,B
09:30:53,1775.80,1,B
09:30:53,1775.80,1,B
09:30:53,1775.80,1,B
09:30:53,1775.80,1,B
09:30:53,1775.80,3,B
09:30:53,1776.10,1,M
09:30:53,1775.80,5,B
09:30:53,1776.10,1,M
09:30:52,1775.80,2,B
09:30:52,1776.30,4,M
09:30:52,1776.20,1,M
09:30:52,1776.20,1,M
09:30:52,1776.20,1,M
09:30:52,1776.20,6,M
09:30:52,1776.10,1,M
09:30:52,1775.90,1,B
09:30:52,1775.80,1,B
09:30:52,1775.80,10,B
09:30:52,1775.80,1,B
09:30:52,1775.80,1,B
09:30:52,1776.00,1,M
09:30:52,1775.80,2,B
09:30:52,1775.80,2,B
09:30:52,1775.40,2,B
09:30:52,1775.40,1,B
09:30:52,1776.10,1,B
09:30:52,1776.30,1,M
09:30:52,1775.30,1,B
09:30:52,1776.30,10,M
09:30:52,1776.30,1,M
09:30:52,1776.30,1,M
09:30:52,1776.20,1,M
09:30:52,1776.20,6,M
09:30:52,1776.10,21,M
09:30:52,1776.10,1,M
09:30:52,1776.10,1,M
09:30:52,1776.10,2,M
09:30:51,1776.10,10,M
09:30:51,1776.00,1,M
09:30:51,1776.00,2,M
09:30:51,1776.00,14,M
09:30:51,1776.00,3,M
09:30:51,1776.00,1,M
09:30:51,1776.00,1,M
09:30:51,1775.90,1,M
09:30:51,1775.90,1,M
09:30:51,1775.90,4,M
09:30:51,1775.80,1,M
09:30:51,1775.80,4,M
09:30:51,1775.70,1,M
09:30:51,1775.70,1,M
09:30:51,1775.70,1,M
09:30:51,1775.50,8,M
09:30:51,1775.50,1,M
09:30:51,1775.40,1,M
09:30:51,1775.20,1,M
09:30:51,1775.10,1,M
09:30:51,1775.10,4,M
09:30:51,1775.10,1,M
09:30:51,1774.70,1,B
09:30:51,1775.00,1,M
09:30:51,1775.00,1,M
09:30:51,1775.00,5,M
09:30:51,1775.00,4,M
09:30:51,1775.00,1,M
09:30:51,1775.00,3,M
09:30:51,1775.00,1,M
09:30:51,1775.00,1,M
09:30:51,1775.00,11,M
09:30:51,1775.00,1,M
09:30:51,1774.90,1,M
09:30:51,1774.80,1,M
09:30:51,1774.80,1,M
09:30:51,1774.80,3,M
09:30:51,1774.70,1,M
09:30:50,1775.00,22,M
09:30:50,1774.90,1,M
09:30:50,1774.90,1,M
09:30:50,1774.90,1,M
09:30:50,1774.30,1,B
09:30:50,1774.30,3,B
09:30:50,1774.40,1,B
09:30:50,1775.00,5,M
09:30:50,1774.50,1,B
09:30:50,1774.50,1,B
09:30:50,1774.70,1,B
09:30:50,1775.00,2,M
09:30:50,1774.70,1,B
09:30:50,1775.00,1,M
09:30:50,1774.70,1,B
09:30:50,1775.00,1,M
09:30:50,1774.70,1,B
09:30:50,1774.70,1,B
09:30:50,1774.70,1,B
09:30:50,1774.70,1,B
09:30:50,1774.70,1,B
09:30:50,1774.70,1,B
09:30:50,1775.00,2,M
09:30:50,1774.70,1,B
09:30:50,1774.70,1,B
09:30:50,1774.70,1,B
09:30:50,1774.70,1,B
09:30:50,1774.70,1,B
09:30:50,1774.70,1,B
09:30:50,1774.70,1,B
09:30:50,1774.70,1,B
09:30:50,1774.70,1,B
09:30:50,1774.70,2,B
09:30:50,1775.00,5,M
09:30:50,1775.00,1,M
09:30:50,1774.70,1,B
09:30:50,1775.00,1,M
09:30:50,1775.00,1,M
09:30:50,1775.00,23,M
09:30:50,1774.90,2,M
09:30:50,1774.70,3,B
09:30:49,1775.00,4,M
09:30:49,1774.90,1,M
09:30:49,1774.90,1,M
09:30:49,1774.70,2,B
09:30:49,1774.70,1,B
09:30:49,1775.00,1,M
09:30:49,1774.40,4,M
09:30:49,1774.40,1,M
09:30:49,1774.40,1,M
09:30:49,1774.90,4,M
09:30:49,1774.90,12,M
09:30:49,1774.80,1,M
09:30:49,1774.70,2,M
09:30:49,1774.60,1,M
09:30:49,1774.60,1,M
09:30:49,1774.60,1,M
09:30:49,1774.50,1,M
09:30:49,1774.50,1,M
09:30:49,1774.50,1,M
09:30:49,1773.80,1,B
09:30:49,1774.30,1,B
09:30:49,1774.40,1,M
09:30:49,1774.30,1,M
09:30:49,1774.10,4,M
09:30:49,1773.80,1,B
09:30:48,1773.80,1,B
09:30:48,1773.80,2,B
09:30:48,1773.80,1,M
09:30:48,1773.80,1,M
09:30:48,1773.80,1,M
09:30:48,1773.80,1,M
09:30:48,1773.70,1,M
09:30:48,1773.80,1,M
09:30:48,1773.80,1,M
09:30:48,1773.60,1,B
09:30:48,1773.70,1,B
09:30:48,1773.70,1,B
09:30:48,1773.70,2,B
09:30:48,1773.80,1,M
09:30:48,1773.80,1,M
09:30:48,1774.60,1,M
09:30:48,1774.60,1,M
09:30:48,1774.60,1,M
09:30:48,1774.60,2,M
09:30:48,1774.40,1,M
09:30:48,1774.40,1,M
09:30:48,1774.00,5,M
09:30:48,1773.70,4,M
09:30:48,1773.70,1,M
09:30:48,1773.70,3,M
09:30:47,1773.20,4,B
09:30:47,1773.60,1,B
09:30:47,1773.60,25,B
09:30:47,1773.70,1,M
09:30:47,1774.20,1,M
09:30:47,1773.80,1,M
09:30:47,1773.70,4,B
09:30:47,1773.70,1,B
09:30:47,1773.80,8,M
09:30:47,1773.70,1,B
09:30:47,1773.70,1,B
09:30:47,1773.70,1,B
09:30:47,1773.80,1,M
09:30:47,1773.80,1,M
09:30:47,1773.80,1,M
09:30:47,1773.80,1,M
09:30:47,1773.80,1,M
09:30:47,1773.80,1,M
09:30:47,1773.80,1,M
09:30:47,1774.70,1,M
09:30:47,1773.90,1,M
09:30:47,1774.70,17,M
09:30:47,1774.70,1,M
09:30:47,1774.70,1,M
09:30:47,1774.30,1,M
09:30:47,1774.30,1,M
09:30:47,1774.30,1,M
09:30:47,1774.30,1,M
09:30:47,1774.20,1,M
09:30:47,1774.00,4,M
09:30:47,1774.00,1,M
09:30:47,1773.90,1,M
09:30:47,1773.60,11,B
09:30:46,1774.00,1,M
09:30:46,1773.80,1,M
09:30:46,1773.80,1,M
09:30:46,1773.70,1,M
09:30:46,1773.60,5,B
09:30:46,1773.60,7,B
09:30:46,1773.60,1,B
09:30:46,1773.60,3,B
09:30:46,1773.60,2,B
09:30:45,1774.00,1,M
09:30:45,1774.00,1,M
09:30:45,1774.20,1,M
09:30:45,1774.20,1,M
09:30:45,1774.10,1,M
09:30:45,1773.60,1,B
09:30:45,1773.60,1,B
09:30:45,1774.10,1,M
09:30:45,1773.60,5,B
09:30:45,1773.70,1,B
09:30:45,1773.80,1,B
09:30:45,1773.80,1,B
09:30:44,1774.30,1,M
09:30:44,1773.70,1,B
09:30:44,1774.00,1,B
09:30:44,1774.00,3,B
09:30:44,1774.00,3,B
09:30:44,1774.10,1,B
09:30:44,1774.10,1,B
09:30:44,1774.20,1,B
09:30:44,1774.20,1,B
09:30:44,1774.20,2,B
09:30:43,1774.20,2,B
09:30:43,1774.70,1,M
09:30:43,1774.70,1,M
09:30:43,1774.80,1,M
09:30:43,1774.00,1,B
09:30:43,1774.80,1,M
09:30:43,1774.80,1,M
09:30:43,1774.10,1,B
09:30:43,1774.10,1,B
09:30:43,1774.10,1,B
09:30:43,1774.30,1,B
09:30:43,1774.30,1,B
09:30:43,1774.30,1,B
09:30:43,1774.40,1,B
09:30:43,1774.60,1,B
09:30:43,1774.60,1,B
09:30:43,1774.60,1,B
09:30:43,1774.60,1,B
09:30:43,1775.00,4,M
09:30:43,1775.00,1,M
09:30:43,1775.00,11,M
09:30:43,1774.70,1,B
09:30:43,1774.80,1,B
09:30:42,1775.00,1,M
09:30:42,1775.00,3,M
09:30:42,1775.00,1,B
09:30:42,1775.00,38,B
09:30:42,1775.10,4,B
09:30:42,1775.10,1,B
09:30:42,1775.10,1,B
09:30:42,1775.10,1,B
09:30:42,1775.10,1,B
09:30:42,1775.10,1,B
09:30:42,1775.10,2,B
09:30:42,1775.20,1,B
09:30:42,1775.90,2,M
09:30:42,1775.50,1,M
09:30:42,1775.10,1,B
09:30:42,1775.10,1,B
09:30:42,1775.50,1,M
09:30:42,1775.10,2,B
09:30:42,1775.00,2,B
09:30:42,1776.00,1,M
09:30:42,1775.90,2,M
09:30:42,1775.90,2,M
09:30:42,1775.90,1,M
09:30:42,1775.80,1,M
09:30:42,1775.80,3,M
09:30:42,1775.70,1,M
09:30:42,1775.70,1,M
09:30:42,1775.60,1,M
09:30:42,1775.60,1,M
09:30:42,1775.60,1,M
09:30:42,1775.60,5,M
09:30:42,1775.50,4,M
09:30:42,1775.40,1,M
09:30:42,1775.40,1,M
09:30:42,1775.30,10,M
09:30:42,1775.30,1,M
09:30:42,1775.20,2,M
09:30:42,1775.00,1,B
09:30:42,1775.20,1,M
09:30:42,1775.00,1,B
09:30:42,1775.00,1,B
09:30:42,1775.00,1,B
09:30:42,1775.00,1,B
09:30:41,1775.00,1,B
09:30:41,1775.00,1,B
09:30:41,1775.00,1,B
09:30:41,1775.10,1,B
09:30:41,1775.10,3,B
09:30:41,1775.10,1,B
09:30:41,1775.00,1,B
09:30:41,1775.30,1,M
09:30:41,1775.00,1,B
09:30:41,1774.00,1,B
09:30:41,1775.50,1,B
09:30:41,1775.50,1,B
09:30:41,1775.50,1,B
09:30:41,1775.50,5,B
09:30:41,1775.50,1,B
09:30:41,1775.50,1,B
09:30:41,1775.50,1,B
09:30:41,1775.50,1,B
09:30:41,1775.40,1,M
09:30:41,1775.40,1,M
09:30:41,1775.40,1,M
09:30:41,1774.50,3,M
09:30:41,1774.40,1,M
09:30:41,1774.40,1,M
09:30:41,1774.50,1,M
09:30:41,1774.50,1,M
09:30:41,1771.60,5,B
09:30:41,1771.70,1,B
09:30:41,1772.00,5,B
09:30:41,1772.00,1,B
09:30:41,1772.00,2,B
09:30:41,1772.00,1,B
09:30:41,1772.00,1,B
09:30:41,1772.00,1,B
09:30:41,1772.10,1,B
09:30:41,1772.10,1,B
09:30:41,1772.30,2,B
09:30:41,1772.30,2,B
09:30:41,1772.30,11,B
09:30:41,1772.30,1,B
09:30:41,1773.00,1,B
09:30:41,1773.00,1,B
09:30:41,1773.10,1,B
09:30:41,1773.40,1,B
09:30:41,1773.60,1,B
09:30:41,1774.50,1,M
09:30:41,1774.50,1,M
09:30:41,1774.70,1,B
09:30:41,1774.70,1,B
09:30:41,1774.90,1,B
09:30:41,1775.50,1,B
09:30:41,1775.50,1,B
09:30:41,1775.50,1,B
09:30:41,1775.60,1,M
09:30:41,1775.50,6,M
09:30:41,1775.30,1,M
09:30:41,1775.30,1,M
09:30:41,1774.60,1,M
09:30:41,1774.40,1,M
09:30:41,1774.30,1,M
09:30:41,1774.30,1,M
09:30:41,1774.30,5,M
09:30:41,1774.20,1,M
09:30:41,1774.20,1,M
09:30:41,1773.90,1,B
09:30:40,1774.30,1,M
09:30:40,1774.60,1,M
09:30:40,1774.60,1,M
09:30:40,1774.20,1,B
09:30:40,1774.20,1,B
09:30:40,1774.20,1,B
09:30:40,1774.60,1,M
09:30:40,1774.30,1,B
09:30:40,1774.30,1,B
09:30:40,1774.30,1,B
09:30:40,1774.30,1,B
09:30:40,1774.30,1,B
09:30:40,1774.20,1,B
09:30:40,1774.20,6,B
09:30:40,1774.30,1,B
09:30:40,1774.30,1,B
09:30:40,1774.30,1,B
09:30:40,1774.30,1,B
09:30:40,1774.30,1,B
09:30:40,1774.30,1,B
09:30:40,1774.40,1,B
09:30:40,1774.30,1,B
09:30:40,1773.50,1,B
09:30:40,1773.50,1,B
09:30:40,1773.50,2,B
09:30:40,1773.50,1,B
09:30:40,1773.50,1,B
09:30:40,1773.50,1,B
09:30:40,1773.50,2,B
09:30:40,1773.50,2,B
09:30:40,1773.90,2,B
09:30:40,1774.00,1,B
09:30:40,1774.10,1,B
09:30:40,1774.10,1,B
09:30:40,1774.70,1,B
09:30:40,1774.70,1,B
09:30:40,1774.70,2,B
09:30:40,1774.70,1,B
09:30:40,1774.70,1,B
09:30:40,1774.10,1,B
09:30:40,1774.20,1,B
09:30:40,1774.20,1,B
09:30:40,1776.10,1,M
09:30:40,1776.00,1,M
09:30:40,1776.00,1,M
09:30:40,1776.00,1,M
09:30:40,1776.00,1,M
09:30:40,1776.00,1,M
09:30:40,1775.80,1,M
09:30:40,1775.70,1,M
09:30:40,1774.30,1,B
09:30:40,1774.30,1,B
09:30:40,1774.40,1,B
09:30:40,1774.50,1,B
09:30:40,1774.50,1,B
09:30:40,1774.60,1,B
09:30:40,1774.60,1,B
09:30:40,1774.60,1,B
09:30:40,1775.00,1,B
09:30:40,1775.00,1,B
09:30:40,1775.00,1,B
09:30:40,1775.00,1,B
09:30:40,1775.00,1,B
09:30:40,1775.00,1,B
09:30:40,1775.00,1,B
09:30:40,1775.00,1,B
09:30:40,1775.00,1,B
09:30:40,1775.00,1,B
09:30:40,1775.00,1,B
09:30:40,1775.10,1,B
09:30:40,1775.10,1,B
09:30:40,1775.10,1,B
09:30:40,1775.10,1,B
09:30:40,1775.10,1,B
09:30:40,1775.10,1,B
09:30:40,1775.30,1,B
09:30:40,1775.70,1,M
09:30:40,1775.70,1,M
09:30:40,1775.30,1,B
09:30:40,1775.20,1,B
09:30:40,1775.80,1,M
09:30:39,1775.20,1,B
09:30:39,1775.40,1,B
09:30:39,1775.90,1,M
09:30:39,1775.30,1,B
09:30:39,1775.30,1,B
09:30:39,1775.10,1,B
09:30:39,1776.10,2,M
09:30:39,1775.20,1,M
09:30:39,1775.10,1,B
09:30:39,1775.10,1,M
09:30:39,1775.00,1,B
09:30:39,1775.00,1,B
09:30:39,1775.00,1,B
09:30:39,1775.00,10,B
09:30:39,1775.00,2,B
09:30:39,1775.00,2,B
09:30:39,1775.00,1,B
09:30:39,1775.00,1,B
09:30:39,1775.00,1,B
09:30:39,1775.00,1,B
09:30:39,1775.00,5,B
09:30:39,1775.00,1,B
09:30:39,1775.00,3,B
09:30:39,1775.00,4,B
09:30:39,1775.00,3,B
09:30:39,1775.00,1,B
09:30:39,1775.00,5,B
09:30:39,1775.00,1,B
09:30:39,1775.00,1,B
09:30:39,1775.00,1,B
09:30:39,1775.00,1,B
09:30:39,1775.00,4,B
09:30:39,1775.00,1,B
09:30:39,1775.00,20,B
09:30:39,1775.10,1,B
09:30:39,1775.20,1,B
09:30:39,1775.20,1,B
09:30:39,1775.20,1,B
09:30:39,1775.20,3,B
09:30:39,1775.20,2,B
09:30:39,1775.30,6,B
09:30:39,1775.20,1,B
09:30:39,1775.20,3,B
09:30:39,1775.50,1,B
09:30:39,1775.70,1,B
09:30:39,1775.80,1,B
09:30:39,1776.20,1,B
09:30:39,1776.30,1,B
09:30:39,1776.50,1,B
09:30:38,1776.30,1,B
09:30:38,1776.60,1,M
09:30:38,1776.30,1,B
09:30:38,1776.50,1,M
09:30:38,1776.30,1,B
09:30:38,1776.30,4,B
09:30:38,1776.40,1,B
09:30:38,1776.40,1,B
09:30:38,1776.50,2,M
09:30:38,1776.30,1,B
09:30:38,1776.30,1,M
09:30:38,1776.20,1,M
09:30:37,1776.30,1,M
09:30:37,1776.30,1,M
09:30:37,1776.60,1,M
09:30:37,1776.60,1,M
09:30:37,1776.50,1,M
09:30:37,1776.50,1,M
09:30:37,1776.40,1,M
09:30:37,1776.40,3,M
09:30:37,1775.10,1,B
09:30:37,1775.10,1,B
09:30:37,1775.10,1,B
09:30:37,1775.10,1,B
09:30:37,1775.20,1,B
09:30:37,1775.20,1,B
09:30:37,1775.20,1,B
09:30:37,1775.50,2,B
09:30:37,1775.60,1,B
09:30:37,1775.80,1,B
09:30:37,1775.80,2,B
09:30:37,1775.80,1,B
09:30:37,1776.10,2,B
09:30:37,1775.80,7,B
09:30:37,1775.90,1,B
09:30:37,1776.00,1,B
09:30:37,1776.00,10,B
09:30:37,1776.10,1,B
09:30:37,1776.10,1,B
09:30:37,1776.20,1,B
09:30:37,1776.20,1,B
09:30:37,1776.30,1,B
09:30:37,1776.50,1,B
09:30:37,1776.50,1,B
09:30:37,1776.20,1,B
09:30:37,1776.30,1,B
09:30:37,1776.30,1,B
09:30:37,1776.30,1,B
09:30:37,1776.30,1,B
09:30:37,1776.30,1,B
09:30:37,1776.40,3,B
09:30:36,1777.00,1,M
09:30:36,1777.00,1,M
09:30:36,1777.00,2,M
09:30:36,1776.90,1,M
09:30:36,1776.90,1,M
09:30:36,1776.80,1,M
09:30:36,1776.80,1,M
09:30:36,1776.80,1,M
09:30:36,1776.70,1,M
09:30:36,1776.00,1,B
09:30:36,1776.00,3,B
09:30:36,1776.00,1,B
09:30:36,1776.00,3,B
09:30:36,1776.00,1,B
09:30:36,1776.00,1,B
09:30:36,1776.10,1,B
09:30:36,1777.00,2,M
09:30:36,1777.00,1,M
09:30:36,1777.00,1,M
09:30:36,1777.00,1,M
09:30:36,1777.00,1,M
09:30:36,1777.00,5,M
09:30:36,1776.90,1,M
09:30:36,1776.90,1,M
09:30:36,1776.90,4,M
09:30:36,1776.90,1,M
09:30:36,1776.90,1,M
09:30:36,1776.20,3,M
09:30:36,1776.90,2,M
09:30:36,1776.70,8,M
09:30:36,1776.50,1,B
09:30:36,1776.50,1,B
09:30:36,1776.10,1,B
09:30:36,1776.10,1,B
09:30:36,1776.20,1,B
09:30:36,1776.30,1,B
09:30:36,1776.30,1,B
09:30:36,1776.40,1,B
09:30:36,1776.40,1,B
09:30:35,1777.00,1,M
09:30:35,1776.20,2,B
09:30:35,1776.20,2,B
09:30:35,1776.20,1,B
09:30:35,1776.10,6,B
09:30:35,1776.10,1,B
09:30:35,1776.10,1,B
09:30:35,1776.40,2,B
09:30:35,1776.40,4,B
09:30:35,1776.20,1,B
09:30:35,1776.20,15,B
09:30:35,1776.30,1,B
09:30:35,1776.30,1,B
09:30:35,1776.30,1,B
09:30:35,1776.30,1,B
09:30:35,1777.20,7,M
09:30:35,1777.20,2,M
09:30:35,1776.70,1,B
09:30:35,1776.70,1,B
09:30:35,1776.80,1,B
09:30:35,1777.00,1,B
09:30:35,1777.00,8,B
09:30:35,1777.00,1,B
09:30:35,1777.00,1,B
09:30:35,1777.50,1,M
09:30:35,1777.50,1,M
09:30:35,1777.00,2,B
09:30:35,1777.00,5,B
09:30:35,1777.00,5,B
09:30:35,1777.00,10,B
09:30:35,1777.30,3,M
09:30:35,1777.00,1,B
09:30:35,1777.00,1,B
09:30:35,1777.30,1,M
09:30:35,1777.00,1,B
09:30:34,1777.00,3,B
09:30:34,1777.30,2,M
09:30:34,1777.00,1,B
09:30:34,1777.00,2,B
09:30:34,1777.00,1,B
09:30:34,1777.00,4,B
09:30:34,1777.50,1,M
09:30:34,1777.10,1,B
09:30:34,1777.10,1,B
09:30:34,1777.50,3,M
09:30:34,1777.50,4,M
09:30:34,1777.40,1,M
09:30:34,1777.40,1,M
09:30:34,1777.30,1,M
09:30:34,1777.10,3,B
09:30:33,1777.50,1,M
09:30:33,1777.50,1,M
09:30:33,1777.10,1,B
09:30:33,1777.20,1,M
09:30:33,1777.10,2,B
09:30:33,1777.10,1,B
09:30:33,1777.30,1,B
09:30:33,1777.30,1,M
09:30:33,1777.10,4,B
09:30:33,1777.20,2,B
09:30:33,1777.70,1,M
09:30:33,1777.30,1,M
09:30:33,1777.30,1,M
09:30:33,1777.30,2,M
09:30:33,1777.70,1,M
09:30:33,1777.70,1,M
09:30:32,1777.30,1,B
09:30:32,1777.30,1,B
09:30:32,1777.20,4,B
09:30:32,1777.20,1,B
09:30:32,1777.20,1,B
09:30:32,1777.70,1,M
09:30:32,1777.30,1,B
09:30:32,1777.20,1,B
09:30:32,1777.30,1,B
09:30:32,1777.30,1,B
09:30:32,1777.70,1,M
09:30:32,1777.70,2,M
09:30:32,1777.60,1,M
09:30:32,1777.60,1,M
09:30:31,1777.30,1,B
09:30:31,1777.70,7,M
09:30:31,1777.60,1,M
09:30:31,1777.30,1,B
09:30:31,1777.30,1,B
09:30:31,1777.70,2,M
09:30:31,1777.30,2,B
09:30:31,1777.40,1,B
09:30:31,1777.50,1,B
09:30:31,1777.90,1,M
09:30:31,1777.80,2,M
09:30:31,1777.60,1,M
09:30:31,1777.60,1,M
09:30:30,1777.80,1,M
09:30:30,1777.70,1,M
09:30:30,1777.70,1,M
09:30:30,1779.80,1,M
09:30:30,1779.80,1,M
09:30:30,1779.80,1,M
09:30:30,1779.70,1,M
09:30:30,1779.70,2,M
09:30:30,1779.50,14,M
09:30:30,1779.50,8,M
09:30:30,1779.30,1,M
09:30:30,1779.20,1,M
09:30:30,1779.00,1,M
09:30:30,1779.00,2,M
09:30:30,1779.00,2,M
09:30:30,1778.90,1,M
09:30:30,1778.90,1,M
09:30:30,1778.90,1,M
09:30:30,1778.80,1,M
09:30:30,1778.60,1,M
09:30:30,1778.50,6,M
09:30:30,1777.90,1,M
09:30:30,1777.90,1,M
09:30:30,1777.80,1,M
09:30:30,1777.70,1,M
09:30:30,1778.00,1,M
09:30:30,1778.00,1,M
09:30:30,1778.00,1,M
09:30:30,1778.00,1,M
09:30:30,1778.00,8,M
09:30:30,1777.90,6,M
09:30:30,1777.90,6,M
09:30:30,1777.90,1,M
09:30:30,1777.80,1,M
09:30:30,1777.80,1,M
09:30:30,1777.80,1,M
09:30:30,1777.10,1,B
09:30:30,1777.20,1,B
09:30:30,1777.20,1,B
09:30:30,1777.20,1,B
09:30:30,1777.00,1,B
09:30:30,1777.00,1,B
09:30:30,1777.00,1,B
09:30:30,1777.00,1,B
09:30:30,1777.00,1,B
09:30:30,1777.40,1,B
09:30:30,1777.00,1,B
09:30:30,1777.00,1,B
09:30:30,1777.00,1,B
09:30:30,1777.00,1,B
09:30:30,1777.10,1,B
09:30:30,1777.10,2,B
09:30:30,1777.10,1,B
09:30:30,1778.00,16,M
09:30:30,1777.90,6,M
09:30:30,1777.90,2,M
09:30:30,1777.90,4,M
09:30:30,1777.10,1,B
09:30:30,1777.10,1,B
09:30:30,1777.10,1,B
09:30:30,1777.00,2,B
09:30:30,1778.00,6,M
09:30:30,1777.90,1,M
09:30:30,1777.50,1,M
09:30:30,1777.00,1,B
09:30:30,1777.30,1,B
09:30:30,1777.30,1,B
09:30:30,1777.00,3,B
09:30:30,1777.00,1,B
09:30:30,1777.00,3,B
09:30:30,1777.00,2,B
09:30:30,1777.00,2,B
09:30:30,1777.00,1,B
09:30:30,1777.00,2,B
09:30:30,1777.00,4,B
09:30:30,1777.10,1,B
09:30:30,1777.20,3,B
09:30:30,1777.20,1,B
09:30:30,1777.20,1,B
09:30:30,1777.30,2,B
09:30:30,1777.30,1,B
09:30:30,1778.00,17,M
09:30:30,1777.90,1,M
09:30:30,1777.90,1,M
09:30:30,1777.90,6,M
09:30:30,1777.70,1,M
09:30:30,1777.70,1,M
09:30:30,1777.60,1,M
09:30:30,1777.00,8,B
09:30:30,1777.00,1,B
09:30:30,1777.00,4,B
09:30:30,1777.00,1,B
09:30:30,1777.00,27,B
09:30:30,1777.10,1,B
09:30:30,1777.10,3,B
09:30:30,1777.10,5,B
09:30:30,1777.10,1,B
09:30:30,1777.70,3,M
09:30:30,1777.70,1,M
09:30:30,1777.60,1,M
09:30:30,1778.00,30,M
09:30:30,1777.00,2,B
09:30:30,1778.00,3,M
09:30:30,1777.90,3,M
09:30:30,1777.90,3,M
09:30:30,1777.90,1,M
09:30:30,1777.90,1,M
09:30:30,1777.80,9,M
09:30:30,1777.30,1,B
09:30:30,1777.30,1,B
09:30:30,1777.00,5,B
09:30:30,1777.00,4,B
09:30:30,1777.00,12,B
09:30:30,1777.10,1,B
09:30:30,1777.30,1,B
09:30:30,1777.30,1,B
09:30:30,1777.80,5,B
09:30:29,1778.00,1,M
09:30:29,1777.80,4,B
09:30:29,1778.00,10,M
09:30:29,1778.00,10,M
09:30:29,1777.70,1,M
09:30:29,1778.00,1,M
09:30:29,1777.80,1,M
09:30:29,1777.70,1,M
09:30:29,1777.50,3,B
09:30:29,1777.50,5,B
09:30:29,1777.50,1,B
09:30:29,1777.50,1,B
09:30:29,1777.70,4,B
09:30:29,1777.70,1,B
09:30:29,1777.70,1,B
09:30:29,1777.70,3,B
09:30:29,1777.70,3,B
09:30:29,1777.70,1,B
09:30:29,1777.70,1,B
09:30:29,1777.70,1,B
09:30:29,1777.70,10,B
09:30:29,1778.00,3,M
09:30:29,1777.70,5,B
09:30:29,1777.70,2,B
09:30:29,1777.90,1,B
09:30:29,1777.90,1,B
09:30:29,1777.90,6,M
09:30:29,1778.00,3,M
09:30:29,1777.80,12,M
09:30:28,1777.70,1,B
09:30:28,1777.70,1,B
09:30:28,1777.70,1,B
09:30:28,1777.70,1,B
09:30:28,1778.00,2,M
09:30:28,1778.00,1,M
09:30:28,1777.90,1,M
09:30:27,1777.70,1,B
09:30:27,1777.70,15,B
09:30:27,1777.70,2,B
09:30:27,1777.70,2,B
09:30:27,1777.70,1,B
09:30:27,1777.80,1,M
09:30:27,1777.70,3,B
09:30:27,1777.70,14,B
09:30:27,1777.70,1,B
09:30:27,1777.70,1,B
09:30:27,1777.70,1,B
09:30:27,1777.70,1,B
09:30:27,1778.00,1,M
09:30:27,1777.90,1,M
09:30:27,1777.70,1,B
09:30:26,1778.00,1,M
09:30:26,1777.90,1,M
09:30:26,1777.80,1,M
09:30:26,1777.70,1,B
09:30:26,1778.00,5,M
09:30:26,1778.00,1,M
09:30:26,1777.70,1,B
09:30:26,1777.80,19,B
09:30:26,1777.80,3,B
09:30:26,1778.00,1,M
09:30:26,1777.80,3,B
09:30:26,1778.00,4,B
09:30:26,1778.00,1,B
09:30:26,1778.00,2,B
09:30:26,1778.00,1,B
09:30:26,1778.00,2,B
09:30:26,1778.00,1,B
09:30:26,1778.00,1,B
09:30:26,1779.00,2,M
09:30:26,1778.00,1,B
09:30:26,1778.00,1,B
09:30:26,1778.10,1,B
09:30:26,1778.20,1,B
09:30:26,1778.30,1,B
09:30:26,1778.50,1,B
09:30:26,1778.60,3,B
09:30:26,1778.60,1,B
09:30:26,1778.80,3,B
09:30:26,1779.00,1,M
09:30:26,1779.00,2,B
09:30:26,1779.00,1,B
09:30:26,1779.00,1,B
09:30:26,1779.00,3,B
09:30:26,1779.00,1,B
09:30:26,1779.00,1,B
09:30:26,1779.00,1,B
09:30:26,1779.10,1,B
09:30:26,1779.30,1,B
09:30:26,1779.30,1,B
09:30:26,1779.40,1,B
09:30:26,1779.50,1,B
09:30:26,1779.60,3,B
09:30:26,1779.90,1,B
09:30:26,1779.90,1,B
09:30:26,1780.00,1,M
09:30:26,1780.00,1,M
09:30:26,1780.00,4,B
09:30:26,1780.00,8,B
09:30:26,1780.00,1,B
09:30:26,1780.00,3,B
09:30:26,1780.00,1,B
09:30:26,1780.00,1,B
09:30:26,1780.00,2,B
09:30:26,1780.00,1,B
09:30:26,1780.00,1,B
09:30:26,1780.00,1,B
09:30:26,1780.00,1,B
09:30:26,1780.00,1,B
09:30:26,1780.00,1,B
09:30:26,1780.00,15,B
09:30:26,1780.00,8,B
09:30:26,1780.00,27,B
09:30:26,1780.00,1,B
09:30:26,1780.00,1,B
09:30:26,1780.00,1,B
09:30:26,1780.00,1,B
09:30:26,1780.00,1,B
09:30:26,1780.00,1,B
09:30:26,1780.00,1,B
09:30:26,1780.00,1,B
09:30:26,1780.00,10,B
09:30:26,1780.00,10,B
09:30:26,1780.20,1,B
09:30:25,1780.20,2,M
09:30:25,1780.20,1,M
09:30:25,1780.20,1,M
09:30:25,1780.10,1,M
09:30:25,1780.10,2,M
09:30:25,1780.00,8,B
09:30:25,1780.00,2,B
09:30:25,1780.00,1,B
09:30:25,1780.00,1,B
09:30:25,1780.00,5,B
09:30:25,1780.00,2,B
09:30:25,1780.00,1,B
09:30:25,1780.00,1,B
09:30:25,1780.00,1,B
09:30:25,1780.00,7,B
09:30:25,1780.00,4,B
09:30:25,1780.00,1,B
09:30:25,1780.00,1,B
09:30:25,1780.00,4,B
09:30:25,1780.00,1,B
09:30:25,1780.00,1,B
09:30:25,1780.00,1,B
09:30:25,1780.00,1,B
09:30:25,1780.00,1,B
09:30:25,1780.00,1,B
09:30:25,1780.00,2,B
09:30:25,1780.00,1,B
09:30:25,1780.00,3,B
09:30:25,1780.00,4,B
09:30:25,1780.00,2,B
09:30:25,1780.00,6,B
09:30:25,1780.00,14,B
09:30:25,1780.00,5,B
09:30:25,1780.00,2,B
09:30:25,1780.00,1,B
09:30:25,1780.00,8,B
09:30:25,1780.00,2,B
09:30:25,1780.00,1,B
09:30:25,1780.00,10,B
09:30:25,1780.00,7,B
09:30:25,1780.20,1,M
09:30:25,1780.20,1,M
09:30:25,1780.20,1,M
09:30:25,1780.10,1,M
09:30:25,1780.00,2,B
09:30:25,1780.10,1,M
09:30:25,1780.00,4,B
09:30:25,1780.00,1,B
09:30:25,1780.00,1,B
09:30:25,1780.00,2,B
09:30:25,1780.00,2,B
09:30:25,1780.00,1,B
09:30:25,1780.00,15,B
09:30:25,1780.00,1,B
09:30:25,1780.00,2,B
09:30:25,1780.00,1,B
09:30:25,1780.00,2,B
09:30:25,1780.00,1,B
09:30:25,1780.00,1,B
09:30:25,1780.00,1,B
09:30:25,1780.00,1,B
09:30:25,1780.00,2,B
09:30:25,1780.00,1,B
09:30:25,1780.00,1,B
09:30:25,1780.00,1,B
09:30:25,1780.00,1,B
09:30:25,1780.00,1,B
09:30:25,1780.00,5,B
09:30:25,1780.00,4,B
09:30:25,1780.00,5,B
09:30:25,1780.00,1,B
09:30:25,1780.00,28,B
09:30:25,1780.00,1,B
09:30:25,1780.00,15,B
09:30:25,1780.20,1,M
09:30:25,1780.00,1,B
09:30:25,1780.00,1,B
09:30:25,1780.00,4,B
09:30:25,1780.00,1,B
09:30:25,1780.00,3,B
09:30:25,1780.00,1,B
09:30:25,1780.00,1,B
09:30:25,1780.00,1,B
09:30:25,1780.00,2,B
09:30:25,1780.00,11,B
09:30:25,1780.00,9,B
09:30:25,1780.10,1,B
09:30:25,1780.10,1,B
09:30:25,1780.10,2,B
09:30:25,1780.10,1,B
09:30:25,1780.10,1,B
09:30:25,1780.10,15,B
09:30:25,1780.10,1,B
09:30:25,1780.10,1,B
09:30:25,1780.10,1,B
09:30:25,1780.10,1,B
09:30:25,1780.10,1,B
09:30:25,1780.10,1,B
09:30:25,1780.10,1,B
09:30:24,1780.10,1,B
09:30:24,1780.10,1,B
09:30:24,1780.20,5,M
09:30:24,1780.20,1,B
09:30:24,1780.20,2,B
09:30:23,1780.20,6,B
09:30:23,1780.30,1,B
09:30:23,1780.30,1,B
09:30:23,1780.30,1,B
09:30:23,1780.30,1,B
09:30:23,1780.20,1,B
09:30:23,1781.00,1,B
09:30:23,1780.20,5,B
09:30:23,1780.20,4,B
09:30:23,1780.20,3,B
09:30:23,1780.20,1,B
09:30:23,1780.20,1,B
09:30:22,1780.20,8,B
09:30:22,1780.20,1,B
09:30:22,1780.40,1,B
09:30:22,1780.40,1,B
09:30:22,1780.40,6,B
09:30:22,1780.90,1,B
09:30:22,1781.20,1,B
09:30:22,1781.20,1,B
09:30:22,1781.30,14,B
09:30:22,1781.40,3,B
09:30:22,1781.40,1,B
09:30:22,1781.40,1,B
09:30:22,1781.40,1,B
09:30:22,1781.40,1,B
09:30:22,1781.40,6,B
09:30:22,1781.50,1,B
09:30:22,1781.50,1,B
09:30:22,1781.50,1,B
09:30:22,1781.60,1,M
09:30:22,1781.40,6,B
09:30:22,1781.40,1,B
09:30:22,1781.50,1,B
09:30:22,1781.50,1,B
09:30:22,1781.50,1,B
09:30:21,1781.60,1,M
09:30:21,1781.60,1,M
09:30:21,1781.60,1,M
09:30:21,1781.50,1,B
09:30:21,1782.20,3,M
09:30:21,1782.20,1,M
09:30:21,1782.10,1,M
09:30:21,1782.10,1,M
09:30:21,1782.10,1,M
09:30:21,1782.10,1,M
09:30:21,1782.00,1,M
09:30:21,1782.00,1,M
09:30:21,1781.90,1,M
09:30:21,1781.80,1,M
09:30:21,1781.70,1,M
09:30:21,1781.70,1,M
09:30:21,1781.60,1,B
09:30:21,1781.70,1,M
09:30:21,1781.80,1,M
09:30:21,1781.60,1,B
09:30:20,1781.40,1,B
09:30:20,1781.40,1,B
09:30:20,1781.50,1,B
09:30:20,1781.50,1,B
09:30:20,1781.50,1,B
09:30:20,1781.50,1,B
09:30:20,1781.50,1,B
09:30:20,1781.50,1,B
09:30:20,1781.50,1,B
09:30:20,1782.20,1,M
09:30:20,1781.50,1,B
09:30:20,1781.50,1,B
09:30:20,1781.50,1,B
09:30:20,1782.30,1,M
09:30:20,1782.30,1,M
09:30:20,1781.50,1,B
09:30:20,1782.30,1,M
09:30:20,1781.50,1,B
09:30:20,1782.30,1,M
09:30:20,1781.50,1,B
09:30:20,1781.50,1,B
09:30:20,1781.50,1,B
09:30:20,1782.30,1,M
09:30:20,1782.30,1,M
09:30:20,1782.30,1,M
09:30:20,1782.30,1,M
09:30:20,1781.50,1,B
09:30:20,1781.50,1,B
09:30:20,1782.10,1,M
09:30:20,1781.30,1,B
09:30:20,1782.20,1,M
09:30:20,1781.30,1,B
09:30:20,1781.40,1,B
09:30:20,1781.30,1,B
09:30:20,1781.40,1,B
09:30:20,1781.40,1,B
09:30:20,1781.40,1,B
09:30:20,1781.40,1,B
09:30:20,1782.30,1,B
09:30:20,1782.30,1,B
09:30:20,1782.30,1,B
09:30:20,1782.30,1,B
09:30:20,1782.30,1,B
09:30:20,1782.30,1,B
09:30:20,1782.30,1,B
09:30:20,1782.30,1,B
09:30:20,1781.40,1,B
09:30:20,1781.40,1,B
09:30:20,1781.40,1,B
09:30:20,1782.40,1,M
09:30:20,1782.40,4,M
09:30:20,1782.30,1,M
09:30:20,1782.30,1,M
09:30:20,1782.30,1,M
09:30:20,1782.30,1,M
09:30:20,1782.30,1,M
09:30:20,1782.30,1,M
09:30:20,1782.30,1,M
09:30:20,1782.30,3,M
09:30:20,1782.30,3,M
09:30:20,1782.30,5,M
09:30:20,1782.20,1,M
09:30:20,1782.20,1,M
09:30:20,1781.40,1,B
09:30:20,1781.40,1,B
09:30:20,1781.40,1,B
09:30:20,1781.80,1,B
09:30:20,1781.80,1,B
09:30:20,1782.30,1,M
09:30:20,1781.30,1,B
09:30:20,1781.30,1,B
09:30:20,1781.30,1,B
09:30:20,1781.30,1,B
09:30:20,1781.30,1,B
09:30:20,1781.30,1,B
09:30:20,1782.40,1,M
09:30:20,1781.30,1,B
09:30:20,1781.30,1,B
09:30:20,1781.40,7,B
09:30:20,1781.50,1,B
09:30:20,1781.50,1,B
09:30:20,1781.60,1,B
09:30:20,1781.70,1,B
09:30:20,1781.70,1,B
09:30:20,1782.00,1,B
09:30:20,1782.00,1,B
09:30:20,1782.20,1,B
09:30:20,1782.20,1,B
09:30:20,1782.20,1,B
09:30:20,1782.20,1,B
09:30:20,1782.20,1,B
09:30:20,1782.20,1,B
09:30:20,1782.20,1,B
09:30:20,1782.20,1,B
09:30:20,1782.20,1,B
09:30:20,1782.20,1,B
09:30:20,1782.20,1,B
09:30:20,1782.20,1,B
09:30:20,1782.20,1,B
09:30:20,1782.20,1,B
09:30:20,1782.20,1,B
09:30:20,1782.20,1,B
09:30:20,1782.20,1,B
09:30:20,1782.60,1,M
09:30:20,1782.20,1,B
09:30:20,1782.20,1,B
09:30:20,1782.20,1,B
09:30:20,1782.60,1,M
09:30:20,1782.60,4,M
09:30:20,1782.60,2,M
09:30:20,1782.60,1,M
09:30:20,1782.60,4,M
09:30:20,1782.50,1,M
09:30:20,1782.40,1,M
09:30:20,1782.40,6,M
09:30:20,1782.20,2,B
09:30:19,1782.40,1,M
09:30:19,1782.30,1,M
09:30:19,1782.30,1,M
09:30:19,1782.20,1,B
09:30:19,1782.20,1,B
09:30:19,1782.40,5,M
09:30:19,1782.20,2,B
09:30:19,1782.30,1,M
09:30:18,1782.20,1,B
09:30:18,1782.40,1,M
09:30:18,1782.40,1,M
09:30:18,1782.20,4,B
09:30:18,1782.20,2,B
09:30:18,1782.20,1,B
09:30:18,1782.20,1,B
09:30:18,1782.20,1,B
09:30:18,1782.20,1,B
09:30:18,1782.40,1,M
09:30:18,1782.40,2,M
09:30:18,1782.40,1,M
09:30:17,1782.40,2,M
09:30:17,1782.30,1,M
09:30:17,1782.30,1,M
09:30:17,1782.20,1,B
09:30:17,1782.30,1,M
09:30:17,1782.20,1,B
09:30:17,1782.20,1,B
09:30:17,1782.20,1,B
09:30:17,1782.20,4,B
09:30:16,1782.20,1,B
09:30:16,1782.20,1,B
09:30:16,1782.30,1,M
09:30:14,1782.20,1,B
09:30:14,1782.20,1,B
09:30:14,1782.40,2,M
09:30:14,1782.40,1,M
09:30:14,1782.20,4,B
09:30:14,1782.40,2,M
09:30:14,1782.40,1,M
09:30:14,1782.30,1,M
09:30:13,1782.40,15,B
09:30:13,1782.50,1,B
09:30:13,1782.50,2,B
09:30:13,1782.50,1,B
09:30:13,1782.60,2,M
09:30:13,1782.60,1,M
09:30:13,1782.50,1,B
09:30:13,1782.50,1,B
09:30:12,1782.50,1,M
09:30:12,1782.50,1,M
09:30:12,1782.40,2,B
09:30:12,1782.60,1,M
09:30:12,1782.50,1,M
09:30:12,1782.40,5,B
09:30:12,1782.40,1,B
09:30:12,1782.40,1,B
09:30:12,1782.40,1,B
09:30:11,1782.70,1,M
09:30:11,1782.50,1,M
09:30:11,1780.30,6,B
09:30:11,1780.40,1,B
09:30:11,1780.40,2,B
09:30:11,1780.60,6,B
09:30:11,1780.70,4,B
09:30:11,1781.00,10,B
09:30:11,1782.10,1,B
09:30:11,1782.10,1,B
09:30:11,1782.60,2,B
09:30:11,1782.70,1,B
09:30:11,1782.70,1,B
09:30:11,1782.70,1,B
09:30:11,1782.80,1,M
09:30:11,1782.80,1,M
09:30:11,1782.80,1,M
09:30:11,1782.70,1,B
09:30:11,1782.70,1,B
09:30:11,1782.80,1,M
09:30:11,1782.80,1,M
09:30:11,1782.90,1,M
09:30:10,1782.90,1,B
09:30:10,1782.90,1,B
09:30:10,1783.60,1,M
09:30:10,1783.60,3,M
09:30:10,1783.60,1,M
09:30:10,1783.60,6,M
09:30:10,1783.60,6,M
09:30:10,1783.50,1,M
09:30:10,1783.50,1,M
09:30:10,1781.70,1,M
09:30:10,1780.20,1,B
09:30:10,1783.10,1,M
09:30:10,1783.00,3,M
09:30:10,1783.00,1,M
09:30:10,1780.20,1,B
09:30:10,1780.30,1,B
09:30:10,1783.00,1,M
09:30:10,1783.00,1,M
09:30:10,1780.30,5,B
09:30:10,1783.00,1,M
09:30:10,1780.30,1,B
09:30:10,1780.30,29,B
09:30:10,1780.30,2,B
09:30:10,1780.40,1,B
09:30:10,1780.50,1,B
09:30:10,1780.50,1,B
09:30:10,1780.50,2,B
09:30:10,1780.70,6,B
09:30:10,1780.70,1,B
09:30:10,1780.90,3,B
09:30:10,1780.90,1,B
09:30:10,1780.90,1,B
09:30:10,1781.00,10,B
09:30:10,1781.00,1,B
09:30:10,1781.00,4,B
09:30:10,1781.00,1,B
09:30:10,1781.00,1,B
09:30:10,1781.00,1,B
09:30:10,1781.00,1,B
09:30:10,1781.00,1,B
09:30:10,1781.00,1,B
09:30:10,1781.00,1,B
09:30:10,1781.10,1,B
09:30:10,1781.10,1,B
09:30:10,1781.10,1,B
09:30:10,1781.10,1,B
09:30:10,1781.10,2,B
09:30:10,1781.50,1,B
09:30:10,1781.50,1,B
09:30:10,1781.50,1,B
09:30:10,1781.50,1,B
09:30:10,1781.60,1,B
09:30:10,1781.70,1,B
09:30:10,1781.70,1,B
09:30:10,1782.00,1,B
09:30:10,1782.00,1,B
09:30:10,1782.00,4,B
09:30:10,1782.00,3,B
09:30:10,1782.00,8,B
09:30:10,1782.10,1,B
09:30:10,1782.10,1,B
09:30:10,1782.10,1,B
09:30:10,1782.20,1,B
09:30:10,1782.20,1,B
09:30:10,1782.20,1,B
09:30:10,1782.20,1,B
09:30:10,1782.20,1,B
09:30:10,1783.00,1,M
09:30:10,1782.20,1,B
09:30:10,1783.00,2,M
09:30:10,1782.20,1,B
09:30:10,1782.20,1,B
09:30:10,1782.20,1,B
09:30:10,1782.20,1,B
09:30:10,1782.30,1,B
09:30:10,1782.30,1,B
09:30:10,1782.30,1,B
09:30:10,1783.00,1,M
09:30:10,1782.30,1,B
09:30:10,1783.00,2,M
09:30:10,1782.30,5,B
09:30:10,1782.30,1,B
09:30:10,1782.30,1,B
09:30:10,1782.30,1,B
09:30:10,1782.30,1,B
09:30:10,1782.40,1,B
09:30:10,1782.40,1,B
09:30:10,1782.40,1,B
09:30:10,1782.40,1,B
09:30:10,1782.40,1,B
09:30:10,1782.40,1,B
09:30:10,1782.40,1,B
09:30:10,1782.40,1,B
09:30:10,1782.40,1,B
09:30:10,1782.40,1,B
09:30:10,1782.40,1,B
09:30:10,1782.40,1,B
09:30:10,1782.30,1,B
09:30:10,1782.30,1,B
09:30:10,1782.30,1,B
09:30:10,1783.70,1,M
09:30:10,1782.30,1,B
09:30:10,1782.30,1,B
09:30:10,1782.30,1,B
09:30:10,1782.30,1,B
09:30:10,1782.30,1,B
09:30:10,1783.70,1,M
09:30:10,1782.30,1,B
09:30:10,1782.30,1,B
09:30:10,1782.30,1,B
09:30:10,1782.30,1,B
09:30:10,1783.20,1,B
09:30:10,1783.70,1,M
09:30:10,1783.20,1,B
09:30:10,1783.70,1,M
09:30:10,1783.60,1,M
09:30:10,1782.30,1,B
09:30:10,1782.40,1,B
09:30:10,1782.40,1,B
09:30:10,1782.40,1,B
09:30:10,1782.60,1,B
09:30:10,1782.90,4,B
09:30:10,1783.60,1,M
09:30:10,1782.90,1,B
09:30:10,1782.90,1,B
09:30:10,1783.10,1,B
09:30:10,1782.60,1,B
09:30:10,1782.60,1,B
09:30:10,1782.60,2,B
09:30:10,1783.60,1,M
09:30:10,1782.60,1,B
09:30:10,1782.60,1,B
09:30:10,1782.70,1,B
09:30:10,1782.70,1,B
09:30:10,1782.70,2,B
09:30:10,1782.70,1,B
09:30:10,1782.70,1,B
09:30:10,1782.70,1,B
09:30:10,1782.80,1,B
09:30:10,1783.80,1,M
09:30:10,1782.80,1,B
09:30:10,1782.80,1,B
09:30:10,1782.80,1,B
09:30:10,1782.80,1,B
09:30:10,1782.80,1,B
09:30:10,1782.80,1,B
09:30:10,1782.90,1,B
09:30:10,1782.90,1,B
09:30:10,1782.90,1,B
09:30:10,1782.90,1,B
09:30:10,1783.70,1,M
09:30:10,1782.90,1,B
09:30:10,1783.00,3,B
09:30:10,1783.10,1,B
09:30:10,1783.10,1,B
09:30:10,1783.10,1,B
09:30:09,1783.10,1,B
09:30:09,1783.20,1,B
09:30:09,1783.00,2,B
09:30:09,1784.00,24,M
09:30:09,1783.80,2,M
09:30:09,1783.70,1,M
09:30:09,1783.70,4,M
09:30:09,1783.60,4,M
09:30:09,1783.20,1,M
09:30:09,1783.20,5,M
09:30:09,1783.20,1,M
09:30:09,1783.20,11,M
09:30:09,1783.00,1,M
09:30:09,1783.00,1,M
09:30:09,1783.00,1,M
09:30:09,1783.00,14,M
09:30:09,1783.00,1,M
09:30:09,1782.90,1,M
09:30:08,1782.90,1,B
09:30:08,1782.90,1,B
09:30:08,1782.90,1,B
09:30:08,1783.00,10,B
09:30:08,1783.00,2,B
09:30:08,1783.00,1,B
09:30:08,1783.00,1,B
09:30:08,1783.10,1,B
09:30:08,1783.20,1,M
09:30:07,1783.20,1,M
09:30:07,1783.10,1,B
09:30:07,1783.10,1,B
09:30:07,1783.20,2,M
09:30:07,1783.20,1,M
09:30:07,1783.20,2,M
09:30:07,1783.20,1,M
09:30:06,1783.20,5,M
09:30:06,1783.20,1,B
09:30:06,1783.20,1,B
09:30:06,1784.00,3,M
09:30:06,1783.90,1,M
09:30:06,1783.80,6,M
09:30:06,1783.20,1,B
09:30:06,1783.20,16,B
09:30:06,1783.20,1,B
09:30:06,1783.30,1,B
09:30:06,1783.30,1,B
09:30:06,1783.30,4,B
09:30:06,1783.30,1,B
09:30:06,1783.40,1,B
09:30:06,1783.30,1,B
09:30:06,1784.00,1,M
09:30:06,1784.00,1,M
09:30:06,1783.20,2,B
09:30:06,1783.20,1,B
09:30:06,1783.30,1,B
09:30:06,1783.40,1,B
09:30:06,1783.50,5,B
09:30:06,1783.60,1,B
09:30:06,1783.70,1,B
09:30:06,1783.80,1,B
09:30:06,1783.80,2,B
09:30:06,1783.80,1,B
09:30:06,1783.80,1,B
09:30:06,1783.80,1,B
09:30:06,1783.80,1,B
09:30:06,1783.80,1,B
09:30:05,1784.00,7,M
09:30:05,1783.90,3,M
09:30:05,1783.80,1,B
09:30:05,1783.80,1,B
09:30:05,1783.90,1,M
09:30:05,1783.90,1,M
09:30:05,1784.00,1,M
09:30:05,1784.00,1,M
09:30:05,1784.00,1,M
09:30:05,1783.90,1,M
09:30:05,1783.90,1,M
09:30:04,1783.80,1,B
09:30:04,1783.80,1,B
09:30:04,1783.80,1,B
09:30:04,1783.80,1,B
09:30:04,1783.80,1,B
09:30:04,1783.80,1,B
09:30:04,1783.80,1,B
09:30:04,1783.80,6,B
09:30:04,1783.80,4,B
09:30:03,1783.80,1,B
09:30:03,1784.10,1,M
09:30:03,1784.10,1,B
09:30:03,1784.10,1,B
09:30:03,1784.10,1,B
09:30:02,1784.10,1,M
09:30:02,1783.80,1,B
09:30:02,1784.10,1,B
09:30:02,1784.40,1,M
09:30:02,1784.40,1,M
09:30:02,1784.30,1,M
09:30:02,1784.10,1,M
09:30:02,1784.10,1,M
09:30:02,1784.10,1,M
09:30:02,1784.10,1,M
09:30:02,1784.10,1,M
09:30:02,1783.70,1,B
09:30:02,1784.10,1,M
09:30:01,1783.70,2,B
09:30:01,1783.60,1,B
09:30:01,1785.10,1,B
09:30:01,1785.00,4,M
09:30:01,1784.90,1,M
09:30:01,1784.90,1,M
09:30:01,1783.60,1,B
09:30:01,1783.70,3,B
09:30:01,1783.80,2,B
09:30:01,1783.80,1,B
09:30:01,1784.00,1,B
09:30:01,1784.00,1,B
09:30:01,1784.30,1,B
09:30:01,1784.40,1,B
09:30:01,1784.40,6,B
09:30:01,1784.40,1,B
09:30:01,1784.40,1,B
09:30:01,1784.50,1,B
09:30:01,1785.00,1,M
09:30:01,1785.00,1,B
09:30:01,1785.00,1,B
09:30:01,1785.00,2,B
09:30:01,1785.00,1,B
09:30:01,1785.00,1,B
09:30:01,1785.00,14,B
09:30:00,1785.00,1,B
09:30:00,1785.00,3,B
09:30:00,1785.00,1,B
09:30:00,1785.00,1,B
09:30:00,1784.40,1,B
09:30:00,1784.40,1,B
09:30:00,1785.30,2,M
09:30:00,1784.90,1,M
09:30:00,1784.40,1,B
09:30:00,1784.40,1,B
09:30:00,1784.40,1,B
09:30:00,1784.00,1,B
09:30:00,1784.00,1,B
09:30:00,1784.00,1,B
09:30:00,1784.00,1,B
09:30:00,1784.00,1,B
09:30:00,1785.80,1,M
09:30:00,1784.00,1,B
09:30:00,1784.10,1,B
09:30:00,1785.80,1,M
09:30:00,1784.30,1,B
09:30:00,1784.90,1,B
09:30:00,1784.90,1,B
09:30:00,1785.10,1,B
09:30:00,1785.20,1,B
09:30:00,1784.30,1,B
09:30:00,1785.80,1,M
09:30:00,1785.40,1,M
09:30:00,1785.00,1,M
09:30:00,1784.30,1,B
09:30:00,1784.40,1,B
09:30:00,1784.90,1,B
09:30:00,1784.90,1,B
09:30:00,1784.90,1,B
09:30:00,1785.20,1,B
09:30:00,1784.90,4,B
09:30:00,1784.40,1,B
09:30:00,1784.50,1,B
09:30:00,1785.10,1,B
09:30:00,1785.10,1,B
09:30:00,1785.10,1,B
09:30:00,1785.90,1,M
09:30:00,1785.90,1,M
09:30:00,1784.80,1,B
09:30:00,1785.10,1,B
09:30:00,1785.10,1,B
09:30:00,1785.10,1,B
09:30:00,1785.10,1,B
09:30:00,1785.10,1,B
09:30:00,1785.10,2,B
09:30:00,1785.10,1,B
09:30:00,1785.10,2,B
09:30:00,1785.90,1,M
09:30:00,1785.90,1,M
09:30:00,1785.50,1,B
09:30:00,1784.80,1,B
09:30:00,1785.00,1,B
09:30:00,1785.00,1,B
09:30:00,1785.50,1,B
09:30:00,1785.00,3,B
09:30:00,1785.00,1,B
09:30:00,1785.00,1,B
09:30:00,1785.00,1,B
09:30:00,1785.00,1,B
09:30:00,1785.00,1,B
09:30:00,1785.50,2,B
09:30:00,1785.50,1,B
09:30:00,1785.00,1,B
09:30:00,1785.00,1,B
09:30:00,1786.10,1,M
09:30:00,1786.00,1,M
09:30:00,1785.00,1,B
09:30:00,1785.00,1,B
09:30:00,1785.00,1,B
09:30:00,1786.10,4,M
09:30:00,1786.00,12,M
09:30:00,1785.00,1,B
09:30:00,1785.00,1,B
09:30:00,1786.00,1,M
09:30:00,1785.00,1,B
09:30:00,1785.00,1,B
09:30:00,1785.00,1,B
09:30:00,1785.00,1,B
09:30:00,1785.00,2,B
09:30:00,1785.00,1,B
09:30:00,1785.00,1,B
09:30:00,1785.10,1,B
09:30:00,1785.10,1,B
09:30:00,1785.10,1,B
09:30:00,1785.10,1,B
09:30:00,1785.10,1,B
09:30:00,1785.20,1,B
09:30:00,1785.20,1,B
09:30:00,1785.30,1,B
09:30:00,1785.30,1,B
09:30:00,1785.30,1,B
09:30:00,1785.40,1,B
09:30:00,1785.40,1,B
09:30:00,1785.40,1,B
09:30:00,1786.00,1,M
09:30:00,1785.40,1,B
09:30:00,1785.50,1,M
09:30:00,1785.50,1,B
09:30:00,1785.50,1,B
09:30:00,1785.50,1,B
09:30:00,1785.50,2,B
09:30:00,1785.60,1,B
09:30:00,1785.90,1,B
09:30:00,1786.00,1,B
09:30:00,1786.00,1,B
09:30:00,1786.10,1,M
09:30:00,1786.10,1,M
09:30:00,1786.00,1,M
09:30:00,1786.00,1,M
09:29:59,1786.00,2,M
09:29:59,1786.00,8,M
09:29:59,1785.80,1,M
09:29:59,1785.80,1,M
09:29:59,1785.60,1,B
09:29:59,1786.00,6,M
09:29:59,1786.00,1,M
09:29:59,1786.00,1,M
09:29:58,1785.50,1,B
09:29:58,1786.10,1,M
09:29:58,1786.10,1,M
09:29:58,1786.00,1,B
09:29:58,1786.10,1,B
09:29:58,1786.10,1,B
09:29:58,1786.10,1,B
09:29:58,1786.10,1,B
09:29:57,1786.40,1,M
09:29:57,1786.50,2,M
09:29:57,1786.70,1,M
09:29:57,1786.70,2,M
09:29:57,1786.70,1,M
09:29:57,1785.10,1,B
09:29:57,1785.20,1,B
09:29:56,1785.20,1,B
09:29:56,1785.50,5,B
09:29:56,1785.60,1,B
09:29:56,1785.60,6,B
09:29:56,1785.60,6,B
09:29:56,1785.70,2,B
09:29:56,1785.90,1,B
09:29:56,1785.90,1,B
09:29:56,1786.00,1,B
09:29:56,1786.00,4,B
09:29:56,1786.20,2,B
09:29:56,1786.20,1,B
09:29:56,1786.20,2,B
09:29:56,1786.30,1,B
09:29:56,1786.30,6,B
09:29:56,1786.30,1,B
09:29:56,1786.40,4,B
09:29:56,1786.40,2,B
09:29:56,1786.40,1,B
09:29:56,1786.50,6,B
09:29:56,1786.60,6,B
09:29:56,1786.80,1,B
09:29:56,1786.80,1,B
09:29:56,1786.80,1,B
09:29:56,1786.80,1,B
09:29:56,1786.90,1,B
09:29:56,1787.00,1,B
09:29:56,1787.50,1,M
09:29:56,1787.50,2,M
09:29:55,1787.60,8,M
09:29:55,1787.60,2,M
09:29:55,1787.40,1,M
09:29:55,1787.00,2,M
09:29:55,1786.90,1,M
09:29:55,1786.90,1,M
09:29:55,1786.90,1,M
09:29:55,1786.90,1,M
09:29:55,1786.90,1,B
09:29:55,1787.00,1,M
09:29:55,1787.00,1,M
09:29:55,1787.00,1,M
09:29:55,1787.00,4,M
09:29:54,1787.00,1,B
09:29:54,1787.00,6,B
09:29:54,1787.30,2,B
09:29:54,1787.40,2,B
09:29:54,1787.40,1,B
09:29:54,1787.40,2,B
09:29:54,1787.40,1,B
09:29:54,1787.40,1,B
09:29:54,1787.40,1,B
09:29:54,1787.40,1,B
09:29:54,1787.50,3,B
09:29:54,1787.80,1,M
09:29:54,1787.60,1,M
09:29:54,1787.60,2,M
09:29:54,1787.50,1,B
09:29:54,1787.60,1,M
09:29:54,1787.60,1,M
09:29:54,1787.60,1,M
09:29:54,1787.60,1,M
09:29:53,1787.60,1,B
09:29:53,1787.80,1,M
09:29:53,1787.80,1,M
09:29:53,1787.70,1,M
09:29:53,1787.70,1,M
09:29:53,1787.50,1,M
09:29:53,1787.50,1,M
09:29:53,1787.40,2,M
09:29:53,1787.00,3,B
09:29:53,1787.00,1,B
09:29:53,1787.40,1,M
09:29:53,1787.40,1,M
09:29:53,1787.40,2,M
09:29:53,1787.30,1,M
09:29:52,1787.40,1,M
09:29:52,1787.30,1,M
09:29:52,1787.20,1,M
09:29:52,1786.90,1,M
09:29:52,1786.90,1,M
09:29:52,1786.90,3,M
09:29:52,1786.90,1,M
09:29:52,1786.90,1,B
09:29:52,1787.10,1,B
09:29:52,1786.90,1,B
09:29:52,1787.60,5,B
09:29:52,1787.60,10,M
09:29:52,1787.10,5,M
09:29:52,1787.00,1,M
09:29:52,1787.00,1,M
09:29:52,1787.00,3,M
09:29:52,1785.50,1,B
09:29:52,1785.80,1,M
09:29:52,1785.80,1,M
09:29:52,1785.80,1,M
09:29:52,1786.20,1,B
09:29:52,1787.00,3,M
09:29:52,1787.00,1,M
09:29:52,1787.00,1,M
09:29:52,1787.00,1,M
09:29:52,1787.00,1,M
09:29:52,1787.00,1,M
09:29:52,1787.00,1,M
09:29:52,1787.00,1,M
09:29:52,1787.60,2,M
09:29:52,1787.30,7,M
09:29:52,1787.20,1,M
09:29:52,1787.20,6,M
09:29:52,1787.10,2,M
09:29:52,1787.10,1,M
09:29:52,1787.10,2,M
09:29:52,1787.10,2,M
09:29:52,1787.10,2,M
09:29:52,1785.00,1,M
09:29:52,1784.40,1,B
09:29:52,1784.50,1,B
09:29:52,1784.60,1,B
09:29:52,1784.60,1,B
09:29:52,1784.60,1,B
09:29:52,1784.60,1,B
09:29:52,1784.60,1,B
09:29:52,1784.60,1,B
09:29:52,1784.70,1,B
09:29:52,1784.70,1,B
09:29:52,1784.80,1,B
09:29:52,1784.80,4,B
09:29:52,1784.80,2,B
09:29:52,1784.80,1,B
09:29:52,1784.80,1,B
09:29:52,1784.90,1,B
09:29:52,1784.90,1,B
09:29:52,1787.10,1,M
09:29:52,1785.00,5,B
09:29:52,1785.00,1,B
09:29:52,1785.00,1,B
09:29:52,1785.00,1,B
09:29:52,1787.10,1,M
09:29:52,1785.10,1,B
09:29:52,1785.20,3,B
09:29:52,1785.20,1,B
09:29:52,1785.20,1,B
09:29:52,1785.20,3,B
09:29:52,1785.30,1,B
09:29:52,1785.30,1,B
09:29:52,1785.30,1,B
09:29:52,1785.30,2,B
09:29:52,1785.30,1,B
09:29:52,1785.60,1,B
09:29:52,1785.70,1,B
09:29:52,1785.70,1,B
09:29:52,1785.70,2,B
09:29:52,1785.70,1,B
09:29:52,1785.80,1,B
09:29:52,1786.00,3,B
09:29:52,1786.00,1,B
09:29:52,1786.00,5,B
09:29:52,1786.00,4,B
09:29:52,1786.00,10,B
09:29:52,1786.00,1,B
09:29:52,1786.20,1,B
09:29:52,1786.20,1,B
09:29:52,1786.20,17,B
09:29:52,1786.20,7,B
09:29:52,1786.30,1,B
09:29:52,1786.30,1,B
09:29:52,1786.30,1,B
09:29:52,1786.30,2,B
09:29:52,1786.30,1,B
09:29:52,1786.30,2,B
09:29:52,1786.40,1,B
09:29:52,1786.40,4,B
09:29:52,1786.40,1,B
09:29:52,1786.60,1,B
09:29:52,1787.10,1,M
09:29:52,1786.60,1,B
09:29:52,1786.60,1,B
09:29:52,1787.10,1,M
09:29:52,1786.60,1,B
09:29:52,1786.30,1,B
09:29:52,1786.50,1,B
09:29:52,1786.50,1,B
09:29:52,1786.50,1,B
09:29:52,1786.50,1,B
09:29:52,1787.20,1,B
09:29:52,1787.30,1,M
09:29:52,1787.20,1,B
09:29:52,1787.20,1,M
09:29:52,1787.20,1,M
09:29:52,1787.10,1,M
09:29:52,1787.10,1,M
09:29:52,1786.40,8,B
09:29:51,1787.20,1,M
09:29:51,1787.10,1,M
09:29:51,1787.10,1,M
09:29:51,1787.10,1,M
09:29:51,1787.10,1,M
09:29:51,1787.00,1,M
09:29:51,1787.00,1,M
09:29:51,1786.70,1,M
09:29:51,1786.60,1,M
09:29:51,1786.20,1,B
09:29:51,1786.40,1,M
09:29:51,1786.20,1,M
09:29:51,1786.00,3,B
09:29:51,1786.10,1,B
09:29:51,1786.10,1,B
09:29:51,1786.00,7,M
09:29:51,1786.00,1,M
09:29:51,1785.70,1,B
09:29:51,1785.80,1,B
09:29:51,1785.80,1,B
09:29:51,1786.00,1,M
09:29:51,1786.00,1,M
09:29:51,1786.00,1,M
09:29:51,1786.00,1,M
09:29:51,1786.00,1,M
09:29:51,1786.00,1,M
09:29:51,1786.00,1,M
09:29:51,1785.70,1,B
09:29:50,1786.00,1,M
09:29:50,1786.00,24,M
09:29:50,1785.80,1,M
09:29:50,1785.80,2,M
09:29:50,1785.80,1,M
09:29:50,1785.80,1,M
09:29:50,1785.70,1,B
09:29:50,1785.70,9,B
09:29:50,1786.00,5,M
09:29:50,1786.00,1,M
09:29:50,1786.00,1,M
09:29:50,1785.90,3,M
09:29:50,1785.80,5,M
09:29:50,1785.80,1,M
09:29:50,1785.80,1,M
09:29:49,1785.70,1,B
09:29:49,1785.80,1,M
09:29:49,1785.80,1,M
09:29:49,1785.80,3,M
09:29:48,1785.30,1,B
09:29:48,1785.30,1,B
09:29:48,1785.40,1,B
09:29:48,1785.40,3,B
09:29:48,1785.50,3,B
09:29:48,1785.60,1,B
09:29:48,1785.60,1,B
09:29:48,1785.90,1,M
09:29:48,1785.70,1,M
09:29:48,1785.70,1,M
09:29:48,1785.50,2,M
09:29:48,1785.50,1,M
09:29:48,1785.30,9,B
09:29:48,1785.30,2,B
09:29:48,1785.40,1,B
09:29:48,1785.40,1,B
09:29:48,1785.40,1,B
09:29:48,1785.40,1,B
09:29:48,1785.50,1,M
09:29:47,1785.40,1,B
09:29:47,1785.40,1,B
09:29:47,1785.60,1,M
09:29:47,1785.40,1,B
09:29:47,1785.60,1,M
09:29:47,1785.60,3,M
09:29:46,1785.30,1,M
09:29:46,1785.60,2,M
09:29:46,1785.50,1,M
09:29:46,1785.50,1,M
09:29:46,1785.40,1,M
09:29:46,1785.30,1,M
09:29:46,1785.30,1,M
09:29:46,1785.00,1,M
09:29:46,1784.80,1,B
09:29:46,1784.90,1,B
09:29:46,1784.90,1,B
09:29:46,1785.50,1,M
09:29:46,1785.40,1,M
09:29:46,1785.40,1,M
09:29:45,1785.50,1,M
09:29:45,1785.30,1,M
09:29:45,1785.30,1,M
09:29:45,1784.80,1,B
09:29:45,1785.20,1,M
09:29:45,1784.90,1,B
09:29:45,1785.00,1,B
09:29:45,1785.20,1,M
09:29:44,1784.70,1,B
09:29:44,1784.80,1,B
09:29:44,1785.40,5,M
09:29:44,1784.70,1,B
09:29:44,1785.30,1,M
09:29:44,1785.30,1,M
09:29:44,1785.20,1,M
09:29:44,1785.30,1,M
09:29:44,1784.60,1,B
09:29:44,1785.40,1,M
09:29:44,1785.30,7,M
09:29:44,1785.20,1,M
09:29:44,1785.20,1,M
09:29:43,1785.30,1,M
09:29:43,1784.50,1,B
09:29:43,1785.00,1,B
09:29:43,1784.50,1,B
09:29:43,1784.50,1,B
09:29:43,1784.60,1,B
09:29:43,1784.60,1,B
09:29:43,1784.40,3,B
09:29:43,1785.60,1,M
09:29:43,1784.50,1,M
09:29:43,1784.10,1,B
09:29:43,1784.20,6,B
09:29:43,1784.10,1,B
09:29:43,1784.20,5,B
09:29:43,1784.20,3,B
09:29:43,1784.20,2,B
09:29:43,1784.30,1,B
09:29:43,1784.30,1,B
09:29:42,1784.20,1,B
09:29:42,1785.80,1,M
09:29:42,1785.80,1,M
09:29:42,1785.90,8,M
09:29:42,1785.90,2,M
09:29:42,1785.70,1,M
09:29:42,1785.20,1,M
09:29:42,1785.20,2,M
09:29:42,1785.10,1,M
09:29:42,1785.00,1,M
09:29:42,1785.00,2,M
09:29:42,1785.00,5,M
09:29:42,1785.00,2,M
09:29:42,1785.00,5,M
09:29:42,1784.90,1,M
09:29:42,1784.90,6,M
09:29:42,1784.80,1,M
09:29:42,1784.80,1,M
09:29:42,1784.80,1,M
09:29:42,1784.50,1,M
09:29:42,1784.50,16,M
09:29:42,1784.20,1,M
09:29:42,1784.20,3,M
09:29:42,1783.80,9,B
09:29:42,1783.80,1,B
09:29:42,1784.20,3,M
09:29:42,1784.20,9,M
09:29:42,1784.20,1,M
09:29:42,1784.20,3,M
09:29:42,1784.10,17,M
09:29:42,1784.10,1,M
09:29:42,1784.10,1,M
09:29:42,1784.10,1,M
09:29:42,1784.10,1,M
09:29:42,1784.10,5,M
09:29:42,1784.10,1,M
09:29:42,1784.10,1,M
09:29:42,1784.10,2,B
09:29:42,1784.20,1,M
09:29:42,1784.20,1,M
09:29:42,1783.80,1,B
09:29:41,1784.20,1,M
09:29:41,1784.20,1,M
09:29:41,1784.20,3,M
09:29:41,1784.20,6,M
09:29:41,1784.10,1,M
09:29:41,1784.10,1,M
09:29:41,1784.10,1,M
09:29:41,1784.10,1,M
09:29:41,1784.20,5,M
09:29:41,1784.20,10,M
09:29:41,1783.30,2,B
09:29:41,1783.30,1,B
09:29:41,1783.40,1,B
09:29:41,1783.40,1,B
09:29:41,1783.40,24,B
09:29:41,1783.50,2,B
09:29:41,1783.50,1,B
09:29:41,1783.50,1,B
09:29:41,1783.50,1,B
09:29:41,1783.50,1,B
09:29:41,1783.60,1,B
09:29:41,1783.70,7,B
09:29:41,1783.70,1,B
09:29:41,1783.70,1,B
09:29:41,1783.80,1,B
09:29:40,1784.20,10,M
09:29:40,1784.20,1,M
09:29:40,1784.10,1,M
09:29:40,1784.10,1,M
09:29:40,1784.10,1,M
09:29:40,1784.10,1,M
09:29:40,1783.60,2,B
09:29:40,1784.20,2,M
09:29:40,1784.10,1,M
09:29:40,1784.10,1,M
09:29:40,1784.10,1,M
09:29:40,1783.60,1,M
09:29:39,1783.50,1,B
09:29:39,1783.50,1,B
09:29:39,1783.60,1,M
09:29:39,1783.50,1,B
09:29:39,1783.40,1,B
09:29:39,1784.20,2,M
09:29:39,1784.20,5,M
09:29:39,1784.20,1,M
09:29:39,1784.10,5,M
09:29:39,1784.00,3,M
09:29:39,1783.90,1,M
09:29:39,1783.90,1,M
09:29:39,1783.90,4,M
09:29:39,1783.80,1,M
09:29:39,1783.80,1,M
09:29:39,1783.80,1,M
09:29:39,1783.80,1,M
09:29:39,1783.80,1,M
09:29:39,1783.80,1,M
09:29:39,1783.80,1,M
09:29:39,1783.70,1,M
09:29:39,1783.10,6,B
09:29:39,1783.40,1,M
09:29:39,1783.40,1,M
09:29:39,1783.20,1,M
09:29:39,1783.00,1,M
09:29:39,1783.00,4,M
09:29:39,1782.80,6,M
09:29:39,1782.70,1,B
09:29:39,1782.70,1,B
09:29:39,1782.80,1,M
09:29:39,1782.80,8,M
09:29:39,1782.80,1,M
09:29:39,1783.00,1,M
09:29:39,1783.00,1,M
09:29:38,1782.70,2,B
09:29:38,1783.00,2,M
09:29:38,1782.70,1,B
09:29:38,1783.00,2,M
09:29:38,1783.00,1,M
09:29:38,1783.00,2,M
09:29:38,1783.00,2,M
09:29:38,1782.60,1,B
09:29:38,1782.70,1,B
09:29:38,1782.80,1,B
09:29:38,1782.80,1,B
09:29:38,1783.00,8,M
09:29:38,1782.90,1,M
09:29:38,1782.70,1,B
09:29:38,1782.90,1,M
09:29:37,1782.90,1,M
09:29:37,1782.90,1,M
09:29:37,1782.90,1,M
09:29:37,1782.80,1,M
09:29:37,1782.70,8,M
09:29:37,1782.60,12,M
09:29:37,1782.70,17,M
09:29:37,1782.60,1,M
09:29:37,1782.50,2,M
09:29:37,1782.20,1,B
09:29:37,1782.20,1,B
09:29:36,1782.20,1,B
09:29:36,1782.00,2,B
09:29:36,1782.10,1,B
09:29:36,1782.10,1,B
09:29:36,1782.40,1,M
09:29:36,1782.00,1,B
09:29:36,1783.00,8,M
09:29:36,1783.00,1,M
09:29:36,1782.90,1,M
09:29:36,1782.90,3,M
09:29:36,1782.80,1,M
09:29:36,1782.70,20,M
09:29:36,1782.60,1,M
09:29:36,1782.50,53,M
09:29:36,1782.00,18,B
09:29:36,1782.50,17,M
09:29:36,1782.50,1,M
09:29:36,1782.50,1,M
09:29:36,1782.50,1,M
09:29:36,1782.20,1,M
09:29:36,1782.20,1,M
09:29:36,1782.20,1,M
09:29:36,1782.20,1,M
09:29:36,1782.20,1,M
09:29:36,1782.20,14,M
09:29:36,1782.10,5,M
09:29:36,1782.10,1,M
09:29:36,1782.10,5,M
09:29:36,1782.00,1,B
09:29:36,1782.00,1,B
09:29:36,1782.00,1,B
09:29:36,1782.00,1,B
09:29:36,1782.00,1,B
09:29:36,1782.00,4,B
09:29:36,1782.00,1,M
09:29:36,1782.00,1,M
09:29:36,1781.90,4,M
09:29:36,1781.80,1,M
09:29:36,1781.70,1,M
09:29:36,1781.30,4,M
09:29:35,1781.50,4,B
09:29:35,1781.10,1,B
09:29:35,1781.20,1,B
09:29:35,1781.20,1,B
09:29:35,1781.30,25,B
09:29:35,1781.30,19,B
09:29:35,1781.40,1,B
09:29:35,1781.50,1,B
09:29:35,1781.50,1,B
09:29:35,1781.40,1,B
09:29:35,1781.40,1,B
09:29:35,1781.40,2,B
09:29:35,1781.40,1,B
09:29:35,1782.10,1,M
09:29:35,1782.10,1,M
09:29:35,1782.00,1,M
09:29:34,1781.70,1,B
09:29:34,1781.90,5,M
09:29:34,1781.90,5,M
09:29:34,1781.70,1,B
09:29:34,1781.80,1,B
09:29:34,1781.80,1,B
09:29:34,1781.30,2,B
09:29:34,1781.30,1,B
09:29:34,1781.30,1,B
09:29:34,1781.30,1,B
09:29:34,1781.80,1,M
09:29:33,1781.70,1,M
09:29:33,1781.30,1,B
09:29:33,1781.40,1,B
09:29:33,1781.80,1,M
09:29:33,1781.10,2,B
09:29:33,1781.10,1,B
09:29:33,1781.10,1,B
09:29:33,1781.10,1,B
09:29:33,1781.10,1,B
09:29:33,1782.20,1,M
09:29:33,1782.10,1,M
09:29:33,1781.00,1,B
09:29:33,1781.00,2,B
09:29:33,1781.10,1,B
09:29:33,1781.10,1,B
09:29:33,1781.10,1,B
09:29:33,1781.20,1,B
09:29:33,1781.20,1,B
09:29:33,1781.20,1,B
09:29:33,1781.20,1,B
09:29:33,1781.20,1,B
09:29:33,1781.30,4,B
09:29:33,1781.30,4,B
09:29:33,1781.40,1,B
09:29:33,1781.40,1,B
09:29:33,1781.50,1,B
09:29:33,1781.50,1,B
09:29:33,1781.90,1,B
09:29:33,1782.00,1,B
09:29:33,1782.00,2,B
09:29:33,1782.10,1,B
09:29:33,1782.10,1,B
09:29:33,1782.10,1,B
09:29:33,1782.10,1,B
09:29:33,1782.10,1,B
09:29:33,1782.10,1,B
09:29:33,1782.50,1,M
09:29:33,1782.50,1,M
09:29:32,1782.80,2,M
09:29:32,1782.80,1,M
09:29:32,1782.80,1,M
09:29:32,1782.70,3,M
09:29:32,1782.70,1,M
09:29:32,1782.60,2,M
09:29:32,1782.00,1,B
09:29:32,1782.00,1,B
09:29:32,1782.00,1,B
09:29:32,1782.00,1,B
09:29:32,1782.00,1,B
09:29:32,1782.00,1,B
09:29:32,1782.00,1,B
09:29:32,1782.00,1,B
09:29:32,1782.00,1,B
09:29:32,1782.00,1,B
09:29:32,1782.50,1,B
09:29:32,1782.00,1,B
09:29:32,1782.10,1,B
09:29:32,1782.10,1,B
09:29:32,1782.10,1,B
09:29:32,1782.00,1,B
09:29:32,1782.00,1,B
09:29:32,1782.00,1,B
09:29:32,1782.00,1,B
09:29:32,1782.00,1,B
09:29:32,1782.00,1,B
09:29:32,1782.00,1,B
09:29:32,1782.00,1,B
09:29:32,1782.00,1,B
09:29:32,1782.00,1,B
09:29:32,1782.00,1,B
09:29:32,1782.10,1,B
09:29:32,1782.10,1,B
09:29:32,1782.10,1,B
09:29:32,1782.10,1,B
09:29:32,1782.10,1,B
09:29:32,1782.10,1,B
09:29:32,1782.10,2,B
09:29:32,1782.40,3,B
09:29:32,1782.40,1,B
09:29:32,1782.40,1,B
09:29:32,1782.40,1,B
09:29:32,1782.40,1,B
09:29:32,1782.40,1,B
09:29:32,1782.10,2,B
09:29:32,1782.10,1,B
09:29:32,1782.10,1,B
09:29:32,1782.10,1,B
09:29:32,1782.10,1,B
09:29:32,1782.20,1,B
09:29:32,1782.20,2,B
09:29:32,1782.10,1,B
09:29:32,1782.10,1,B
09:29:32,1782.10,1,B
09:29:32,1782.10,1,B
09:29:32,1782.10,1,B
09:29:32,1782.10,1,B
09:29:32,1782.10,1,B
09:29:32,1782.10,1,B
09:29:32,1782.10,1,B
09:29:32,1782.10,3,B
09:29:32,1782.10,4,B
09:29:32,1782.10,1,B
09:29:32,1782.10,1,B
09:29:32,1782.20,2,B
09:29:32,1782.20,1,B
09:29:32,1782.20,2,B
09:29:32,1782.20,1,B
09:29:32,1782.20,1,B
09:29:32,1782.20,3,B
09:29:32,1782.20,14,B
09:29:32,1782.50,3,B
09:29:32,1782.50,5,B
09:29:32,1782.20,1,B
09:29:32,1782.20,1,B
09:29:32,1782.20,2,B
09:29:32,1782.20,1,B
09:29:32,1782.30,1,B
09:29:32,1782.80,1,M
09:29:32,1782.80,1,M
09:29:32,1782.70,1,M
09:29:32,1782.60,1,M
09:29:32,1782.60,1,M
09:29:32,1782.20,3,B
09:29:32,1782.20,1,B
09:29:31,1782.20,1,B
09:29:31,1782.20,1,B
09:29:31,1782.30,1,B
09:29:31,1782.60,1,M
09:29:31,1782.20,1,B
09:29:31,1782.20,2,B
09:29:31,1782.70,1,M
09:29:31,1782.20,4,B
09:29:31,1782.30,1,B
09:29:31,1782.30,3,B
09:29:31,1782.30,1,B
09:29:31,1782.30,2,B
09:29:31,1782.30,3,B
09:29:31,1782.30,1,B
09:29:31,1782.80,1,M
09:29:31,1782.80,1,M
09:29:31,1782.80,1,M
09:29:31,1782.40,1,B
09:29:31,1782.60,1,B
09:29:31,1782.80,1,B
09:29:31,1782.80,5,B
09:29:31,1782.80,4,B
09:29:30,1782.80,1,B
09:29:30,1782.80,1,B
09:29:30,1783.10,1,M
09:29:30,1782.80,1,B
09:29:30,1782.90,1,B
09:29:30,1783.00,1,B
09:29:30,1783.00,1,B
09:29:30,1783.00,1,B
09:29:30,1783.20,1,B
09:29:30,1783.10,1,B
09:29:30,1783.90,1,M
09:29:30,1783.90,1,M
09:29:30,1782.90,1,B
09:29:30,1783.00,1,B
09:29:30,1783.90,2,M
09:29:30,1783.80,1,M
09:29:30,1783.70,1,M
09:29:30,1783.70,1,M
09:29:30,1783.60,2,M
09:29:30,1783.60,1,M
09:29:30,1783.50,1,M
09:29:30,1783.20,2,M
09:29:30,1783.00,1,B
09:29:30,1783.00,1,B
09:29:30,1783.00,3,B
09:29:30,1783.00,5,B
09:29:30,1783.00,1,B
09:29:29,1783.00,2,B
09:29:29,1783.10,3,M
09:29:29,1783.20,1,M
09:29:29,1783.20,1,M
09:29:29,1783.20,2,M
09:29:29,1783.00,2,B
09:29:29,1783.00,1,B
09:29:29,1783.00,1,B
09:29:29,1783.20,1,M
09:29:29,1783.20,1,M
09:29:29,1783.20,1,M
09:29:29,1783.00,3,B
09:29:29,1783.00,3,B
09:29:29,1783.10,1,B
09:29:29,1783.10,1,B
09:29:29,1783.70,1,M
09:29:29,1783.20,3,M
09:29:28,1783.20,1,M
09:29:28,1783.10,1,M
09:29:28,1783.00,1,B
09:29:28,1783.20,4,M
09:29:28,1783.00,1,B
09:29:28,1783.20,1,M
09:29:28,1783.20,1,B
09:29:28,1783.20,5,B
09:29:28,1783.30,4,B
09:29:28,1783.30,1,B
09:29:28,1783.30,1,B
09:29:28,1783.40,4,B
09:29:28,1783.40,2,B
09:29:28,1783.40,2,B
09:29:28,1783.40,1,B
09:29:28,1783.40,3,B
09:29:28,1783.40,1,B
09:29:28,1783.50,1,B
09:29:28,1783.50,1,B
09:29:28,1783.90,1,M
09:29:28,1784.20,1,M
09:29:28,1784.20,1,M
09:29:28,1784.20,6,M
09:29:28,1784.00,1,M
09:29:28,1783.40,1,B
09:29:27,1783.60,1,B
09:29:27,1784.10,1,M
09:29:27,1784.10,1,M
09:29:27,1784.10,1,M
09:29:27,1784.10,3,M
09:29:27,1783.60,2,M
09:29:27,1783.70,1,M
09:29:27,1783.50,1,B
09:29:27,1784.20,1,M
09:29:27,1784.20,1,M
09:29:27,1783.20,1,B
09:29:27,1783.80,1,B
09:29:27,1783.80,1,B
09:29:27,1783.90,1,B
09:29:27,1783.10,1,B
09:29:27,1783.20,1,B
09:29:27,1783.20,1,B
09:29:27,1783.20,1,B
09:29:27,1783.30,2,B
09:29:27,1783.30,1,B
09:29:27,1783.60,1,B
09:29:27,1783.60,2,B
09:29:27,1783.60,1,B
09:29:27,1783.70,1,B
09:29:27,1783.70,1,B
09:29:27,1783.80,1,B
09:29:27,1783.80,1,B
09:29:27,1784.30,1,M
09:29:27,1783.80,2,B
09:29:27,1783.80,1,B
09:29:27,1783.90,3,B
09:29:27,1783.90,3,B
09:29:27,1783.90,1,B
09:29:26,1784.30,1,M
09:29:26,1783.90,1,B
09:29:26,1784.40,1,B
09:29:26,1784.40,3,B
09:29:26,1784.30,1,M
09:29:26,1784.30,3,M
09:29:26,1783.80,2,B
09:29:26,1784.40,1,M
09:29:26,1783.90,1,B
09:29:26,1783.90,2,B
09:29:26,1784.00,1,B
09:29:26,1784.00,1,B
09:29:26,1784.00,1,B
09:29:26,1784.10,1,B
09:29:26,1784.10,4,B
09:29:26,1784.30,1,B
09:29:26,1784.30,1,B
09:29:26,1784.10,1,B
09:29:26,1784.10,1,B
09:29:26,1784.20,1,B
09:29:26,1784.20,1,B
09:29:26,1784.80,1,M
09:29:26,1784.90,1,M
09:29:26,1784.90,1,M
09:29:26,1784.90,1,M
09:29:26,1784.90,10,M
09:29:26,1784.90,1,M
09:29:26,1784.90,1,M
09:29:26,1784.10,2,B
09:29:26,1784.20,1,B
09:29:26,1784.50,1,B
09:29:26,1784.90,1,M
09:29:26,1784.90,1,M
09:29:26,1784.90,1,M
09:29:26,1784.80,1,M
09:29:26,1784.70,1,M
09:29:25,1784.50,1,B
09:29:25,1784.80,1,M
09:29:25,1784.10,1,B
09:29:25,1784.20,1,B
09:29:25,1784.40,1,B
09:29:25,1784.40,1,B
09:29:25,1784.40,1,B
09:29:25,1785.00,1,M
09:29:25,1785.00,1,M
09:29:25,1784.30,1,B
09:29:25,1784.30,1,B
09:29:25,1784.30,1,B
09:29:25,1784.30,1,B
09:29:25,1784.40,1,B
09:29:25,1784.60,1,B
09:29:25,1784.60,2,B
09:29:25,1784.70,1,B
09:29:25,1784.80,1,B
09:29:25,1785.00,1,M
09:29:25,1785.00,2,M
09:29:25,1785.00,1,M
09:29:25,1785.00,1,M
09:29:25,1785.00,1,M
09:29:25,1785.00,2,M
09:29:25,1785.00,1,M
09:29:25,1785.00,1,M
09:29:25,1785.00,1,M
09:29:25,1785.00,1,M
09:29:25,1785.00,2,M
09:29:25,1785.00,1,B
09:29:25,1785.00,1,B
09:29:25,1785.40,1,M
09:29:25,1785.00,1,B
09:29:25,1785.00,1,B
09:29:25,1785.00,1,B
09:29:25,1785.00,2,B
09:29:25,1785.00,1,B
09:29:25,1785.00,8,B
09:29:24,1785.00,1,B
09:29:24,1785.00,1,B
09:29:24,1785.00,1,B
09:29:24,1785.00,5,B
09:29:24,1785.00,2,B
09:29:24,1785.00,1,B
09:29:24,1785.00,6,B
09:29:24,1785.00,1,B
09:29:24,1785.00,1,B
09:29:24,1785.00,2,B
09:29:24,1785.00,1,B
09:29:24,1785.00,2,B
09:29:24,1785.00,1,B
09:29:24,1785.00,1,B
09:29:24,1785.00,1,B
09:29:24,1785.40,1,M
09:29:24,1785.00,1,B
09:29:24,1785.00,1,B
09:29:24,1785.00,1,B
09:29:24,1785.00,1,B
09:29:24,1785.00,1,B
09:29:24,1785.00,2,B
09:29:24,1785.00,1,B
09:29:24,1785.00,1,B
09:29:24,1785.00,2,B
09:29:24,1785.50,1,M
09:29:24,1785.00,1,B
09:29:24,1785.00,1,B
09:29:24,1785.00,1,B
09:29:24,1785.00,8,B
09:29:24,1785.50,2,M
09:29:24,1785.00,1,B
09:29:24,1785.00,2,B
09:29:24,1785.00,2,B
09:29:24,1785.00,7,B
09:29:24,1785.00,1,B
09:29:24,1785.10,3,B
09:29:24,1785.10,1,B
09:29:24,1785.10,1,B
09:29:24,1785.10,2,B
09:29:24,1785.10,1,B
09:29:24,1785.10,1,B
09:29:24,1785.20,5,B
09:29:24,1785.30,2,B
09:29:24,1785.50,1,M
09:29:24,1785.50,1,M
09:29:24,1785.20,4,B
09:29:24,1785.20,1,B
09:29:24,1785.20,4,B
09:29:24,1785.70,2,M
09:29:24,1785.30,2,B
09:29:24,1785.30,1,B
09:29:24,1785.30,1,B
09:29:24,1785.30,2,B
09:29:24,1785.30,3,B
09:29:24,1785.50,1,B
09:29:24,1785.50,2,B
