Time,Price,Volume,Side
09:24:11,1801.70,14,M
09:24:11,1801.40,1,M
09:24:11,1801.40,1,M
09:24:11,1801.40,1,M
09:24:11,1801.40,1,M
09:24:11,1801.30,1,M
09:24:11,1801.00,1,M
09:24:11,1801.00,2,M
09:24:11,1800.80,1,M
09:24:11,1800.70,6,B
09:24:11,1800.90,1,M
09:24:11,1800.90,1,M
09:24:11,1800.90,3,M
09:24:11,1800.90,1,M
09:24:11,1800.80,1,M
09:24:11,1800.80,1,M
09:24:11,1800.70,5,B
09:24:10,1800.70,1,B
09:24:10,1800.80,1,M
09:24:10,1800.70,1,M
09:24:10,1800.70,1,M
09:24:10,1800.70,4,M
09:24:10,1800.70,1,M
09:24:10,1800.40,1,M
09:24:10,1800.40,2,M
09:24:10,1800.20,1,B
09:24:10,1800.10,1,B
09:24:10,1800.10,1,B
09:24:10,1800.10,2,B
09:24:10,1800.10,3,B
09:24:10,1800.80,3,M
09:24:10,1800.00,20,B
09:24:10,1800.00,12,B
09:24:10,1800.10,1,B
09:24:10,1800.10,1,B
09:24:10,1800.10,1,B
09:24:10,1800.10,3,B
09:24:10,1800.20,1,B
09:24:10,1800.20,30,B
09:24:10,1800.60,1,B
09:24:10,1800.80,1,M
09:24:10,1800.70,3,B
09:24:10,1800.70,1,B
09:24:09,1800.80,6,M
09:24:09,1800.80,1,M
09:24:09,1800.80,4,M
09:24:09,1800.60,4,M
09:24:09,1800.60,1,M
09:24:09,1800.40,3,M
09:24:09,1800.20,1,B
09:24:08,1800.10,2,B
09:24:08,1800.70,1,M
09:24:08,1800.40,1,M
09:24:08,1800.40,1,M
09:24:08,1800.40,1,M
09:24:08,1800.40,75,M
09:24:08,1800.10,3,B
09:24:08,1800.10,1,B
09:24:08,1800.10,1,B
09:24:08,1800.30,2,B
09:24:08,1800.30,1,B
09:24:08,1800.40,1,M
09:24:08,1800.00,1,B
09:24:08,1800.00,5,B
09:24:08,1800.00,3,B
09:24:08,1800.00,3,B
09:24:08,1800.00,6,B
09:24:08,1800.00,1,B
09:24:08,1800.00,7,B
09:24:08,1800.00,4,B
09:24:08,1800.00,1,B
09:24:08,1800.10,1,B
09:24:08,1800.10,2,B
09:24:07,1800.40,20,M
09:24:07,1800.30,10,M
09:24:07,1800.30,1,M
09:24:07,1800.10,2,B
09:24:07,1800.10,1,B
09:24:07,1800.10,1,B
09:24:07,1800.10,6,B
09:24:07,1800.10,1,B
09:24:07,1800.10,1,B
09:24:07,1800.10,1,B
09:24:07,1800.10,1,B
09:24:07,1800.10,1,B
09:24:07,1800.40,1,M
09:24:07,1800.30,1,M
09:24:07,1800.10,1,B
09:24:07,1800.10,1,B
09:24:07,1800.30,1,M
09:24:07,1800.10,4,B
09:24:07,1800.10,1,B
09:24:07,1800.30,1,M
09:24:06,1800.10,2,B
09:24:06,1800.10,1,B
09:24:06,1800.10,1,B
09:24:06,1800.10,1,B
09:24:06,1800.10,1,B
09:24:06,1800.20,1,B
09:24:06,1800.20,1,B
09:24:06,1800.20,1,B
09:24:06,1800.20,1,B
09:24:06,1800.20,3,B
09:24:06,1800.30,2,B
09:24:06,1800.30,1,B
09:24:06,1800.30,4,B
09:24:06,1800.30,1,B
09:24:06,1800.30,11,B
09:24:06,1800.30,2,B
09:24:06,1800.30,1,B
09:24:06,1800.30,2,B
09:24:06,1800.30,6,B
09:24:06,1800.30,5,B
09:24:06,1800.40,1,M
09:24:06,1800.40,1,M
09:24:06,1800.40,1,M
09:24:06,1800.30,4,B
09:24:06,1800.70,1,B
09:24:06,1800.70,11,B
09:24:06,1800.70,1,B
09:24:05,1800.70,10,M
09:24:05,1800.60,6,M
09:24:05,1800.50,1,M
09:24:05,1800.30,5,B
09:24:05,1800.30,2,B
09:24:05,1800.30,2,B
09:24:05,1800.60,1,M
09:24:05,1800.30,3,B
09:24:05,1800.50,1,B
09:24:05,1800.60,1,M
09:24:05,1800.60,1,M
09:24:05,1800.30,9,B
09:24:05,1800.30,1,B
09:24:05,1800.30,1,B
09:24:04,1800.30,1,B
09:24:04,1800.30,1,B
09:24:04,1800.30,1,B
09:24:04,1800.30,1,B
09:24:04,1800.30,1,B
09:24:04,1800.40,1,B
09:24:04,1800.40,5,B
09:24:04,1800.40,1,B
09:24:04,1800.50,1,B
09:24:04,1800.50,1,B
09:24:04,1800.50,1,B
09:24:04,1800.50,1,B
09:24:04,1800.50,1,B
09:24:04,1800.60,1,B
09:24:04,1800.60,1,B
09:24:04,1800.70,1,B
09:24:04,1800.70,2,B
09:24:04,1800.80,1,B
09:24:04,1800.80,2,B
09:24:04,1801.00,1,B
09:24:04,1800.80,1,B
09:24:04,1800.80,2,B
09:24:04,1801.00,5,B
09:24:04,1801.00,2,B
09:24:04,1801.00,1,B
09:24:04,1801.00,1,B
09:24:04,1801.00,19,B
09:24:04,1801.00,1,B
09:24:04,1801.00,1,B
09:24:04,1801.00,5,B
09:24:04,1801.00,1,B
09:24:04,1801.00,2,B
09:24:04,1801.00,1,B
09:24:04,1801.00,1,B
09:24:04,1801.00,1,B
09:24:04,1801.00,1,B
09:24:04,1801.00,1,B
09:24:04,1801.00,1,B
09:24:04,1801.00,14,B
09:24:04,1801.40,1,M
09:24:04,1801.00,20,B
09:24:04,1801.00,8,B
09:24:03,1801.00,1,B
09:24:03,1801.00,30,B
09:24:03,1801.00,27,B
09:24:03,1801.00,1,B
09:24:03,1801.00,2,B
09:24:03,1801.00,1,B
09:24:03,1801.00,1,B
09:24:03,1801.00,1,B
09:24:03,1801.00,10,B
09:24:03,1801.00,1,B
09:24:03,1801.00,1,B
09:24:03,1801.00,1,B
09:24:03,1801.00,2,B
09:24:03,1801.00,1,B
09:24:03,1801.00,10,B
09:24:03,1801.10,1,B
09:24:03,1801.00,7,B
09:24:03,1801.10,1,B
09:24:03,1801.10,12,B
09:24:03,1801.20,1,B
09:24:03,1801.30,9,B
09:24:02,1801.30,1,B
09:24:02,1801.80,1,M
09:24:02,1801.30,3,B
09:24:02,1801.30,12,B
09:24:02,1801.30,8,B
09:24:02,1801.30,1,B
09:24:02,1801.30,16,B
09:24:02,1801.50,1,B
09:24:02,1801.50,1,B
09:24:01,1801.00,17,B
09:24:01,1801.10,1,B
09:24:01,1801.10,1,B
09:24:01,1801.20,1,B
09:24:01,1801.20,1,B
09:24:01,1801.20,1,B
09:24:01,1801.20,1,B
09:24:01,1801.20,2,B
09:24:01,1801.20,3,B
09:24:01,1801.30,1,B
09:24:01,1801.40,1,B
09:24:01,1802.00,2,M
09:24:01,1802.00,1,M
09:24:01,1802.00,1,M
09:24:01,1802.00,1,M
09:24:00,1802.00,3,M
09:24:00,1801.90,1,M
09:24:00,1802.00,1,M
09:24:00,1802.00,1,M
09:24:00,1803.90,3,M
09:24:00,1803.90,2,M
09:24:00,1803.80,2,M
09:24:00,1803.80,1,M
09:24:00,1803.70,17,M
09:24:00,1803.40,7,M
09:24:00,1803.20,1,M
09:24:00,1803.00,10,M
09:24:00,1803.00,3,M
09:24:00,1803.00,1,M
09:24:00,1802.60,36,M
09:24:00,1802.60,4,M
09:24:00,1802.20,1,M
09:24:00,1802.10,2,M
09:24:00,1802.10,1,M
09:24:00,1802.00,1,M
09:24:00,1802.00,1,M
09:24:00,1802.00,1,M
09:24:00,1802.00,1,M
09:24:00,1801.90,1,M
09:24:00,1801.80,3,M
09:24:00,1801.50,1,M
09:24:00,1801.50,1,B
09:24:00,1802.00,3,M
09:24:00,1802.00,1,M
09:24:00,1802.00,1,M
09:24:00,1801.50,1,B
09:24:00,1801.10,1,B
09:24:00,1801.10,1,B
09:24:00,1801.10,1,B
09:24:00,1801.10,1,B
09:24:00,1801.20,1,B
09:24:00,1801.20,1,B
09:24:00,1801.30,2,B
09:24:00,1801.30,1,B
09:24:00,1801.50,1,B
09:24:00,1801.50,1,B
09:24:00,1802.00,4,B
09:24:00,1802.10,1,B
09:24:00,1802.00,3,M
09:24:00,1801.80,1,M
09:24:00,1801.80,1,M
09:24:00,1801.70,1,M
09:24:00,1801.60,1,B
09:23:59,1802.00,2,M
09:23:59,1802.00,2,M
09:23:59,1802.00,1,B
09:23:59,1802.00,5,B
09:23:59,1802.00,1,B
09:23:59,1802.00,1,B
09:23:59,1802.00,15,B
09:23:59,1802.00,5,B
09:23:59,1802.00,1,B
09:23:59,1802.10,4,B
09:23:59,1802.10,1,B
09:23:59,1802.10,26,B
09:23:58,1802.10,2,B
09:23:58,1802.10,2,B
09:23:56,1802.10,1,B
09:23:55,1802.20,1,M
09:23:55,1802.10,1,B
09:23:55,1802.10,1,B
09:23:55,1802.20,1,M
09:23:55,1802.20,2,M
09:23:54,1802.10,9,B
09:23:54,1802.10,3,B
09:23:54,1802.10,1,B
09:23:52,1802.50,1,M
09:23:52,1802.40,1,M
09:23:52,1802.40,1,M
09:23:52,1802.40,1,M
09:23:52,1802.10,1,B
09:23:52,1802.10,3,B
09:23:52,1802.20,6,B
09:23:52,1802.40,1,B
09:23:51,1802.60,5,B
09:23:51,1802.60,2,B
09:23:51,1802.60,1,B
09:23:51,1802.70,1,B
09:23:51,1802.80,1,B
09:23:50,1802.80,1,B
09:23:50,1803.00,5,M
09:23:49,1803.00,1,M
09:23:49,1803.00,1,M
09:23:48,1802.90,1,B
09:23:48,1802.90,1,B
09:23:47,1803.00,1,B
09:23:47,1803.00,1,B
09:23:47,1803.00,1,B
09:23:47,1803.00,1,B
09:23:47,1803.00,1,B
09:23:47,1803.10,1,B
09:23:47,1803.10,3,B
09:23:47,1803.20,2,B
09:23:47,1803.40,1,M
09:23:46,1803.70,3,M
09:23:46,1803.60,1,M
09:23:46,1803.60,1,M
09:23:45,1803.20,1,B
09:23:45,1803.20,1,B
09:23:45,1803.70,8,M
09:23:45,1803.10,1,B
09:23:45,1803.50,12,B
09:23:45,1803.50,6,B
09:23:45,1803.60,1,B
09:23:45,1803.70,1,M
09:23:45,1803.70,1,M
09:23:45,1803.60,3,B
09:23:44,1803.60,10,B
09:23:44,1803.70,1,M
09:23:43,1803.70,1,M
09:23:43,1803.40,1,M
09:23:43,1803.40,3,M
09:23:43,1803.30,1,M
09:23:43,1803.30,1,M
09:23:43,1803.40,1,M
09:23:43,1802.80,14,B
09:23:43,1802.90,3,B
09:23:43,1802.90,2,B
09:23:43,1802.90,1,B
09:23:43,1803.50,1,M
09:23:43,1803.20,1,M
09:23:43,1803.20,1,M
09:23:42,1803.10,1,M
09:23:41,1802.60,1,B
09:23:41,1802.80,1,M
09:23:41,1802.80,1,M
09:23:41,1802.70,1,M
09:23:41,1802.60,11,M
09:23:41,1802.60,1,M
09:23:41,1802.60,4,M
09:23:41,1802.60,1,M
09:23:41,1802.60,5,M
09:23:41,1802.60,20,M
09:23:40,1802.60,10,M
09:23:40,1802.40,1,M
09:23:40,1802.40,10,M
09:23:40,1802.40,9,M
09:23:40,1802.40,1,M
09:23:40,1802.30,1,M
09:23:40,1802.30,1,M
09:23:39,1802.40,1,M
09:23:39,1801.80,3,B
09:23:39,1801.80,2,B
09:23:39,1802.00,2,B
09:23:39,1802.00,1,B
09:23:39,1802.40,9,M
09:23:39,1802.30,10,M
09:23:39,1802.20,1,M
09:23:39,1802.20,6,M
09:23:39,1802.10,1,M
09:23:39,1802.10,1,M
09:23:39,1802.10,2,M
09:23:38,1802.00,1,M
09:23:38,1801.90,17,M
09:23:38,1801.90,12,M
09:23:37,1801.90,2,M
09:23:37,1802.00,1,M
09:23:37,1801.70,4,M
09:23:36,1801.40,2,B
09:23:35,1801.50,1,B
09:23:35,1801.60,1,M
09:23:35,1801.60,1,M
09:23:34,1801.50,1,B
09:23:34,1801.40,3,B
09:23:34,1801.50,2,B
09:23:34,1801.50,1,B
09:23:34,1801.50,1,M
09:23:34,1801.40,1,B
09:23:34,1802.10,8,M
09:23:34,1802.00,4,M
09:23:34,1801.90,1,M
09:23:34,1801.90,1,M
09:23:34,1801.80,1,M
09:23:34,1801.80,1,M
09:23:34,1801.40,1,B
09:23:34,1801.50,1,B
09:23:34,1801.40,1,B
09:23:34,1801.50,1,M
09:23:34,1801.40,2,B
09:23:34,1801.40,1,B
09:23:33,1801.90,1,M
09:23:33,1801.30,1,B
09:23:33,1801.40,1,B
09:23:33,1801.40,1,B
09:23:33,1801.40,1,B
09:23:33,1801.40,1,B
09:23:32,1801.50,14,M
09:23:32,1801.30,1,B
09:23:32,1801.30,1,B
09:23:32,1802.20,1,M
09:23:32,1802.20,3,M
09:23:32,1802.20,10,M
09:23:32,1802.20,1,M
09:23:32,1802.20,1,M
09:23:32,1802.10,4,M
09:23:32,1802.10,1,M
09:23:32,1802.10,9,M
09:23:32,1802.10,1,M
09:23:32,1802.00,1,M
09:23:32,1802.00,3,M
09:23:32,1801.60,16,M
09:23:32,1801.20,1,B
09:23:32,1801.20,20,M
09:23:32,1801.20,8,B
09:23:32,1801.20,8,M
09:23:31,1801.10,3,B
09:23:31,1801.10,1,B
09:23:31,1801.10,1,B
09:23:31,1801.10,2,B
09:23:31,1801.20,2,B
09:23:31,1801.30,10,B
09:23:31,1801.30,10,B
09:23:31,1801.30,10,B
09:23:31,1801.30,1,B
09:23:31,1801.30,1,B
09:23:31,1801.40,8,B
09:23:31,1801.40,1,B
09:23:31,1801.50,1,B
09:23:31,1801.50,1,B
09:23:31,1801.40,1,B
09:23:31,1802.20,1,M
09:23:31,1801.70,1,B
09:23:31,1801.70,1,B
09:23:30,1802.20,1,M
09:23:30,1801.80,1,B
09:23:30,1801.80,1,M
09:23:30,1801.80,8,M
09:23:30,1801.60,10,B
09:23:30,1801.60,10,B
09:23:30,1802.30,1,M
09:23:30,1801.20,4,B
09:23:30,1801.30,1,B
09:23:30,1801.30,5,B
09:23:30,1801.30,1,B
09:23:30,1801.30,2,B
09:23:30,1801.50,2,B
09:23:30,1801.50,2,B
09:23:30,1801.50,1,B
09:23:30,1801.50,1,B
09:23:30,1801.50,1,B
09:23:30,1801.60,1,B
09:23:30,1801.70,1,B
09:23:30,1801.80,2,B
09:23:30,1802.00,10,B
09:23:30,1802.00,1,B
09:23:30,1802.00,10,B
09:23:30,1802.00,2,B
09:23:30,1802.00,1,B
09:23:30,1802.00,2,B
09:23:30,1802.00,25,B
09:23:30,1802.00,2,B
09:23:30,1802.00,1,B
09:23:30,1802.00,1,B
09:23:30,1802.00,1,B
09:23:30,1802.00,1,B
09:23:30,1802.20,1,B
09:23:30,1802.30,1,B
09:23:29,1802.00,1,B
09:23:29,1802.00,3,B
09:23:29,1802.00,1,B
09:23:29,1802.00,1,B
09:23:29,1802.00,3,B
09:23:29,1802.10,1,B
09:23:29,1802.10,1,B
09:23:29,1802.10,1,B
09:23:29,1802.10,1,B
09:23:29,1802.20,1,B
09:23:29,1802.20,10,B
09:23:29,1802.20,6,B
09:23:29,1802.20,1,B
09:23:29,1802.20,1,B
09:23:29,1802.30,1,M
09:23:29,1802.20,1,B
09:23:29,1802.30,1,B
09:23:28,1802.30,1,B
09:23:28,1802.40,2,B
09:23:28,1802.40,5,B
09:23:28,1802.40,1,B
09:23:28,1802.40,1,M
09:23:28,1802.40,1,M
09:23:28,1802.30,4,B
09:23:28,1802.30,1,B
09:23:28,1802.30,1,B
09:23:28,1802.30,1,B
09:23:27,1802.40,1,B
09:23:27,1802.40,1,B
09:23:26,1802.60,1,M
09:23:26,1802.60,1,M
09:23:25,1802.60,1,B
09:23:25,1802.90,1,B
09:23:25,1803.10,5,M
09:23:25,1802.30,1,B
09:23:25,1802.50,3,B
09:23:25,1802.50,1,B
09:23:25,1802.60,1,B
09:23:25,1802.60,1,B
09:23:25,1803.10,1,M
09:23:25,1802.60,2,B
09:23:24,1803.10,1,M
09:23:24,1803.10,1,M
09:23:24,1803.00,1,B
09:23:24,1803.00,1,B
09:23:24,1803.00,1,B
09:23:24,1803.00,2,B
09:23:24,1803.00,1,B
09:23:24,1803.00,8,B
09:23:23,1803.00,1,B
09:23:23,1803.00,3,B
09:23:23,1803.10,1,B
09:23:23,1803.10,1,B
09:23:23,1803.10,1,B
09:23:23,1803.60,1,M
09:23:22,1803.00,2,B
09:23:22,1803.20,3,B
09:23:22,1803.30,1,B
09:23:22,1803.20,7,B
09:23:22,1803.30,1,B
09:23:22,1803.30,1,B
09:23:22,1803.40,1,B
09:23:21,1803.90,7,M
09:23:21,1803.80,1,M
09:23:21,1803.80,1,M
09:23:21,1803.80,1,M
09:23:21,1803.70,1,M
09:23:19,1803.40,1,B
09:23:19,1803.40,1,B
09:23:19,1803.90,1,M
09:23:19,1803.40,1,B
09:23:19,1803.40,1,B
09:23:18,1803.80,1,M
09:23:18,1803.80,1,M
09:23:17,1803.40,1,B
09:23:16,1803.90,1,M
09:23:16,1803.30,9,B
09:23:16,1803.30,1,B
09:23:16,1803.30,1,B
09:23:16,1803.30,1,B
09:23:16,1803.30,1,B
09:23:16,1803.40,1,B
09:23:16,1803.50,1,B
09:23:16,1803.50,1,B
09:23:16,1803.60,1,B
09:23:16,1803.90,1,M
09:23:15,1804.00,1,M
09:23:15,1804.00,1,M
09:23:15,1804.00,1,M
09:23:15,1804.00,1,M
09:23:15,1803.90,7,M
09:23:15,1803.90,3,M
09:23:14,1803.90,1,M
09:23:13,1804.00,1,M
09:23:13,1803.90,1,M
09:23:12,1804.00,1,M
09:23:11,1804.10,1,M
09:23:11,1803.20,4,B
09:23:11,1803.20,1,B
09:23:11,1803.20,1,B
09:23:11,1803.20,1,B
09:23:11,1803.20,2,B
09:23:11,1803.20,1,B
09:23:11,1803.20,2,B
09:23:10,1804.50,10,M
09:23:10,1804.40,2,M
09:23:10,1804.40,3,M
09:23:10,1803.10,7,B
09:23:10,1803.20,1,B
09:23:10,1803.40,2,B
09:23:10,1803.90,1,B
09:23:10,1804.00,1,B
09:23:10,1804.30,1,B
09:23:10,1804.40,1,B
09:23:10,1804.40,1,B
09:23:10,1804.40,1,B
09:23:10,1804.50,1,B
09:23:10,1804.50,1,B
09:23:10,1804.50,10,B
09:23:10,1804.70,1,B
09:23:10,1804.50,3,B
09:23:10,1804.90,1,M
09:23:09,1804.50,7,B
09:23:09,1804.50,8,B
09:23:09,1804.60,1,B
09:23:09,1804.60,4,B
09:23:09,1804.70,2,M
09:23:08,1804.70,37,M
09:23:08,1804.80,1,M
09:23:08,1804.80,1,M
09:23:08,1804.70,1,B
09:23:08,1804.90,1,B
09:23:07,1804.90,1,M
09:23:06,1804.50,2,B
09:23:06,1804.60,1,B
09:23:06,1804.60,1,B
09:23:05,1804.40,16,M
09:23:05,1804.40,1,M
09:23:05,1804.40,1,M
09:23:05,1804.40,1,M
09:23:05,1804.40,1,M
09:23:05,1804.40,1,B
09:23:05,1804.50,9,B
09:23:03,1804.50,3,B
09:23:03,1804.50,5,B
09:23:03,1804.50,3,B
09:23:03,1804.40,1,B
09:23:02,1804.40,1,B
09:23:02,1804.40,3,B
09:23:02,1804.30,4,B
09:23:02,1805.20,1,M
09:23:02,1804.90,1,M
09:23:02,1804.60,1,M
09:23:02,1804.60,2,M
09:23:02,1804.50,4,M
09:23:02,1804.50,1,M
09:23:02,1804.40,1,M
09:23:02,1804.00,1,B
09:23:02,1804.10,1,B
09:23:02,1804.20,1,B
09:23:02,1805.00,1,M
09:23:02,1805.00,2,M
09:23:02,1804.70,8,M
09:23:02,1804.60,4,M
09:23:02,1804.00,1,M
09:23:02,1804.00,2,B
09:23:02,1804.00,1,B
09:23:02,1804.10,1,B
09:23:02,1804.10,6,B
09:23:02,1804.10,6,B
09:23:02,1804.10,8,B
09:23:02,1804.20,2,B
09:23:02,1804.10,5,B
09:23:02,1804.10,1,B
09:23:02,1804.40,8,B
09:23:02,1804.40,2,B
09:23:02,1804.40,2,B
09:23:02,1804.40,2,B
09:23:02,1804.50,1,B
09:23:01,1804.50,1,B
09:23:01,1804.50,1,B
09:23:01,1804.50,1,B
09:23:01,1804.60,2,M
09:23:01,1804.30,1,B
09:23:00,1804.60,13,M
09:23:00,1804.50,4,M
09:23:00,1804.40,2,M
09:23:00,1804.40,1,M
09:23:00,1804.40,1,M
09:23:00,1804.40,9,M
09:22:59,1804.40,1,M
09:22:58,1804.40,1,M
09:22:58,1804.40,8,M
09:22:58,1804.40,1,M
09:22:58,1804.40,1,M
09:22:58,1804.00,1,M
09:22:58,1804.00,3,M
09:22:58,1803.90,1,M
09:22:58,1803.80,1,M
09:22:58,1804.00,1,M
09:22:57,1804.00,1,M
09:22:57,1803.90,1,M
09:22:57,1803.90,1,M
09:22:57,1803.80,10,M
09:22:57,1803.80,1,M
09:22:57,1803.80,1,M
09:22:57,1803.80,1,M
09:22:57,1803.70,1,B
09:22:57,1803.70,1,B
09:22:57,1803.70,1,M
09:22:57,1803.70,1,M
09:22:56,1803.10,1,B
09:22:56,1803.10,1,M
09:22:56,1803.10,1,M
09:22:56,1803.20,1,B
09:22:55,1802.60,1,M
09:22:55,1802.60,1,M
09:22:55,1804.50,1,M
09:22:55,1804.50,3,M
09:22:55,1804.20,1,M
09:22:55,1804.10,1,M
09:22:55,1804.10,2,M
09:22:55,1804.00,1,M
09:22:55,1804.00,1,M
09:22:55,1804.00,1,M
09:22:55,1803.00,8,M
09:22:55,1803.00,1,M
09:22:55,1802.90,3,M
09:22:55,1802.90,2,M
09:22:55,1802.80,4,M
09:22:55,1802.70,2,M
09:22:54,1802.10,1,B
09:22:54,1802.20,1,B
09:22:54,1802.50,3,B
09:22:54,1802.60,1,B
09:22:54,1802.60,1,B
09:22:54,1802.60,10,B
09:22:54,1802.70,2,B
09:22:53,1803.00,2,M
09:22:53,1802.70,8,B
09:22:53,1802.80,8,B
09:22:53,1803.00,1,M
09:22:53,1803.00,2,M
09:22:52,1803.00,1,B
09:22:52,1803.10,1,B
09:22:52,1803.20,1,B
09:22:52,1803.30,1,B
09:22:52,1803.30,1,B
09:22:52,1803.40,1,B
09:22:52,1803.40,1,B
09:22:52,1803.30,1,B
09:22:51,1804.10,20,B
09:22:51,1804.10,1,B
09:22:51,1804.10,1,B
09:22:51,1804.10,1,B
09:22:50,1804.10,5,B
09:22:50,1804.10,2,B
09:22:50,1804.10,2,B
09:22:50,1804.30,1,B
09:22:50,1804.30,1,B
09:22:50,1804.40,1,B
09:22:50,1804.40,1,B
09:22:50,1804.50,1,M
09:22:50,1804.40,1,B
09:22:50,1804.50,1,B
09:22:50,1804.50,8,B
09:22:49,1804.70,2,M
09:22:49,1804.70,10,M
09:22:49,1804.70,1,M
09:22:49,1804.60,1,B
09:22:49,1804.60,1,B
09:22:49,1804.60,1,B
09:22:49,1804.60,1,B
09:22:48,1804.70,4,B
09:22:48,1805.20,1,M
09:22:47,1805.20,1,M
09:22:47,1805.20,7,M
09:22:47,1805.10,1,M
09:22:47,1805.00,1,M
09:22:47,1805.00,1,M
09:22:47,1805.00,1,M
09:22:47,1804.90,10,M
09:22:47,1804.90,1,M
09:22:47,1804.90,1,M
09:22:47,1804.60,1,B
09:22:47,1804.60,1,B
09:22:46,1805.10,1,M
09:22:46,1805.10,1,M
09:22:46,1805.10,1,M
09:22:46,1805.10,1,M
09:22:46,1805.10,1,B
09:22:45,1805.20,1,B
09:22:45,1805.30,1,B
09:22:45,1805.30,1,B
09:22:45,1805.50,1,M
09:22:45,1805.60,1,M
09:22:45,1805.20,1,B
09:22:44,1805.20,1,B
09:22:44,1805.30,1,B
09:22:44,1805.30,1,B
09:22:44,1805.40,1,B
09:22:44,1805.60,1,M
09:22:44,1805.50,1,M
09:22:44,1805.40,1,B
09:22:44,1805.70,2,M
09:22:44,1805.70,2,M
09:22:44,1805.60,1,M
09:22:43,1805.70,1,M
09:22:43,1805.50,1,M
09:22:43,1805.50,1,M
09:22:43,1805.50,1,M
09:22:43,1805.30,1,M
09:22:43,1805.10,1,B
09:22:43,1805.20,1,B
09:22:42,1805.50,1,M
09:22:42,1805.20,1,B
09:22:42,1805.70,1,B
09:22:42,1806.00,2,B
09:22:41,1805.80,1,M
09:22:41,1805.80,1,B
09:22:41,1805.80,3,B
09:22:41,1805.80,2,B
09:22:40,1805.80,1,B
09:22:40,1805.80,1,B
09:22:40,1805.90,30,B
09:22:40,1805.90,3,B
09:22:40,1805.90,1,B
09:22:40,1806.00,1,B
09:22:40,1806.10,1,B
09:22:40,1806.10,1,B
09:22:39,1806.40,1,M
09:22:39,1806.00,1,M
09:22:39,1805.90,1,B
09:22:39,1806.50,1,M
09:22:39,1806.50,15,M
09:22:38,1806.50,3,M
09:22:38,1806.30,2,M
09:22:38,1806.40,1,M
09:22:38,1805.90,11,M
09:22:38,1805.90,1,M
09:22:38,1805.90,1,M
09:22:38,1805.90,3,M
09:22:38,1806.00,1,B
09:22:38,1806.00,1,B
09:22:38,1806.00,2,B
09:22:38,1806.10,4,B
09:22:38,1806.80,8,M
09:22:38,1806.70,1,M
09:22:38,1806.70,3,M
09:22:38,1806.10,4,M
09:22:37,1805.90,1,B
09:22:37,1806.80,14,M
09:22:37,1806.80,9,M
09:22:37,1806.60,1,M
09:22:37,1806.60,15,M
09:22:37,1806.50,2,M
09:22:37,1806.40,1,M
09:22:37,1806.20,1,M
09:22:37,1805.90,1,B
09:22:37,1806.20,1,M
09:22:36,1806.60,3,M
09:22:36,1806.50,1,M
09:22:36,1805.80,1,B
09:22:36,1805.80,1,B
09:22:36,1805.80,1,B
09:22:36,1806.60,2,M
09:22:36,1806.50,10,B
09:22:36,1806.50,10,B
09:22:36,1806.50,1,B
09:22:36,1806.50,1,B
09:22:36,1806.50,1,B
09:22:36,1806.60,1,B
09:22:36,1806.60,1,B
09:22:36,1806.80,1,B
09:22:36,1806.80,1,B
09:22:36,1806.80,3,B
09:22:36,1806.80,1,B
09:22:36,1807.40,1,M
09:22:36,1807.40,1,M
09:22:36,1806.70,1,B
09:22:36,1807.40,1,M
09:22:36,1807.40,8,M
09:22:36,1807.40,1,M
09:22:36,1807.40,1,M
09:22:36,1807.40,1,M
09:22:36,1807.40,4,M
09:22:36,1807.30,1,M
09:22:36,1807.20,1,M
09:22:36,1807.10,1,M
09:22:36,1806.80,1,B
09:22:36,1807.10,1,M
09:22:35,1807.00,1,M
09:22:35,1806.60,1,B
09:22:35,1807.20,1,M
09:22:35,1806.40,1,B
09:22:35,1807.90,2,M
09:22:35,1807.50,2,M
09:22:35,1806.40,1,B
09:22:35,1806.50,1,B
09:22:35,1807.50,2,M
09:22:35,1807.50,4,M
09:22:35,1807.40,10,M
09:22:35,1807.40,1,M
09:22:35,1807.40,1,M
09:22:35,1805.60,1,M
09:22:35,1804.40,1,M
09:22:35,1804.40,7,M
09:22:35,1804.40,1,M
09:22:35,1804.00,1,B
09:22:35,1804.40,10,M
09:22:35,1804.00,2,B
09:22:35,1804.10,1,B
09:22:35,1804.40,1,M
09:22:35,1804.40,1,M
09:22:34,1804.40,1,M
09:22:34,1804.10,1,B
09:22:34,1804.40,1,M
09:22:34,1804.40,1,M
09:22:34,1804.40,1,M
09:22:34,1804.50,1,B
09:22:34,1804.90,1,B
09:22:34,1804.90,1,B
09:22:34,1805.00,3,B
09:22:34,1805.00,8,B
09:22:34,1805.00,4,B
09:22:34,1805.10,30,B
09:22:34,1805.10,2,B
09:22:34,1805.70,3,B
09:22:34,1806.00,2,B
09:22:34,1806.10,1,B
09:22:34,1807.50,10,M
09:22:34,1807.50,2,M
09:22:34,1807.50,1,M
09:22:34,1807.20,1,M
09:22:34,1807.20,1,M
09:22:34,1807.10,3,M
09:22:34,1807.10,2,M
09:22:34,1807.10,2,M
09:22:34,1807.00,1,M
09:22:34,1807.00,2,M
09:22:34,1806.90,1,M
09:22:34,1806.90,1,M
09:22:34,1806.90,1,M
09:22:34,1806.70,1,M
09:22:34,1806.50,1,M
09:22:34,1806.50,2,M
09:22:34,1806.00,4,B
09:22:34,1806.00,1,B
09:22:34,1806.00,1,B
09:22:34,1806.50,2,M
09:22:34,1806.20,1,M
09:22:34,1806.20,1,M
09:22:34,1806.20,1,M
09:22:34,1806.00,1,B
09:22:34,1806.00,2,M
09:22:34,1806.00,1,M
09:22:34,1806.00,1,M
09:22:34,1806.00,1,M
09:22:34,1806.00,1,M
09:22:34,1805.80,1,M
09:22:34,1805.70,2,M
09:22:34,1805.70,3,M
09:22:34,1805.60,3,M
09:22:34,1805.60,2,M
09:22:34,1805.20,1,M
09:22:34,1805.00,1,B
09:22:34,1805.00,1,B
09:22:34,1805.00,1,B
09:22:34,1805.00,1,B
09:22:34,1803.70,1,M
09:22:34,1803.70,1,M
09:22:34,1803.00,5,M
09:22:34,1803.00,1,M
09:22:34,1803.00,8,M
09:22:34,1803.00,1,M
09:22:34,1803.00,2,B
09:22:34,1803.10,1,B
09:22:34,1803.20,1,B
09:22:34,1803.20,1,B
09:22:34,1803.20,1,B
09:22:34,1803.20,1,B
09:22:34,1803.20,1,B
09:22:34,1803.80,1,B
09:22:34,1803.80,15,B
09:22:34,1803.90,8,B
09:22:34,1804.00,1,B
09:22:34,1804.00,3,B
09:22:34,1804.10,13,B
09:22:34,1804.20,30,B
09:22:34,1804.20,20,B
09:22:34,1804.40,2,B
09:22:34,1804.40,8,B
09:22:34,1804.50,8,B
09:22:34,1804.60,1,B
09:22:34,1804.60,1,B
09:22:34,1804.60,1,B
09:22:34,1804.60,1,B
09:22:34,1805.00,5,B
09:22:34,1805.30,14,B
09:22:34,1805.40,4,B
09:22:34,1805.40,1,B
09:22:34,1805.70,1,M
09:22:34,1805.70,2,M
09:22:33,1805.50,1,B
09:22:33,1805.50,1,M
09:22:33,1805.50,29,M
09:22:33,1805.50,1,M
09:22:33,1805.10,4,M
09:22:33,1805.10,1,M
09:22:33,1805.10,1,M
09:22:33,1805.40,1,M
09:22:33,1805.30,5,M
09:22:33,1805.20,1,M
09:22:33,1804.50,1,B
09:22:33,1805.00,1,M
09:22:33,1805.00,1,M
09:22:33,1805.00,1,M
09:22:33,1804.90,1,M
09:22:32,1804.90,1,M
09:22:32,1804.90,1,M
09:22:32,1804.90,23,M
09:22:32,1804.90,1,M
09:22:32,1804.90,1,M
09:22:32,1804.50,15,M
09:22:32,1804.50,1,M
09:22:32,1804.40,1,B
09:22:32,1804.50,30,M
09:22:32,1804.50,4,M
09:22:32,1804.40,5,M
09:22:32,1804.40,1,M
09:22:32,1804.40,1,M
09:22:32,1804.40,2,M
09:22:31,1804.10,1,B
09:22:31,1804.40,1,M
09:22:31,1804.30,15,M
09:22:31,1804.30,10,M
09:22:31,1804.30,9,M
09:22:31,1804.20,1,M
09:22:30,1804.00,10,B
09:22:30,1804.10,4,M
09:22:30,1804.00,1,B
09:22:30,1804.00,1,B
09:22:30,1804.00,1,B
09:22:30,1804.00,4,M
09:22:30,1803.80,9,M
09:22:30,1803.70,1,M
09:22:30,1803.10,1,M
09:22:30,1803.80,9,M
09:22:30,1803.70,10,M
09:22:30,1803.70,4,M
09:22:30,1803.70,3,M
09:22:30,1803.70,2,M
09:22:30,1803.70,1,M
09:22:30,1803.70,1,M
09:22:30,1803.20,1,B
09:22:30,1803.20,1,B
09:22:29,1802.50,10,B
09:22:29,1802.60,4,B
09:22:29,1803.00,7,B
09:22:29,1803.10,4,B
09:22:29,1803.10,3,B
09:22:29,1803.10,2,B
09:22:29,1803.80,2,M
09:22:29,1803.80,1,M
09:22:28,1803.70,1,M
09:22:28,1803.70,1,M
09:22:28,1803.60,1,M
09:22:28,1803.60,1,M
09:22:28,1803.40,2,M
09:22:28,1803.00,1,M
09:22:28,1803.00,5,M
09:22:28,1803.00,8,M
09:22:28,1802.50,1,B
09:22:28,1803.00,1,M
09:22:28,1802.50,10,B
09:22:28,1803.00,1,M
09:22:27,1802.60,2,M
09:22:27,1802.50,2,B
09:22:27,1802.60,1,M
09:22:27,1802.60,1,M
09:22:27,1802.50,4,M
09:22:27,1802.10,8,M
09:22:27,1802.00,6,M
09:22:27,1802.00,2,M
09:22:27,1802.00,1,M
09:22:27,1801.70,2,M
09:22:27,1801.50,1,B
09:22:27,1801.70,1,M
09:22:27,1801.50,1,B
09:22:26,1802.00,1,B
09:22:26,1802.00,1,B
09:22:26,1802.00,1,B
09:22:26,1802.10,10,M
09:22:26,1802.00,2,M
09:22:26,1801.90,1,M
09:22:26,1801.90,14,M
09:22:26,1801.80,1,M
09:22:26,1801.80,1,M
09:22:26,1801.80,1,M
09:22:26,1801.40,1,B
09:22:26,1801.40,1,B
09:22:26,1801.80,1,M
09:22:25,1802.00,1,M
09:22:25,1801.90,1,M
09:22:25,1801.90,1,M
09:22:25,1801.30,1,B
09:22:25,1801.40,1,B
09:22:25,1801.50,1,B
09:22:25,1801.50,1,B
09:22:25,1801.50,10,B
09:22:25,1801.50,10,B
09:22:25,1801.60,1,B
09:22:25,1801.70,1,B
09:22:25,1801.70,4,B
09:22:25,1802.00,1,M
09:22:25,1801.70,1,B
09:22:25,1801.70,1,B
09:22:25,1801.70,3,B
09:22:25,1801.70,1,B
09:22:24,1801.90,2,B
09:22:24,1802.00,1,B
09:22:24,1802.00,1,B
09:22:24,1802.00,5,B
09:22:24,1802.00,1,B
09:22:24,1802.00,5,B
09:22:24,1802.00,1,B
09:22:24,1802.00,3,B
09:22:24,1802.00,2,B
09:22:24,1802.10,2,B
09:22:24,1802.10,2,B
09:22:24,1802.10,5,B
09:22:23,1802.10,16,B
09:22:23,1802.20,1,B
09:22:23,1802.20,1,B
09:22:23,1802.50,1,B
09:22:23,1802.50,1,B
09:22:23,1802.50,2,B
09:22:23,1802.50,1,B
09:22:23,1802.60,1,B
09:22:23,1802.60,1,B
09:22:23,1802.60,2,B
09:22:23,1802.60,1,B
09:22:23,1802.60,2,B
09:22:23,1802.60,2,B
09:22:23,1802.90,1,M
09:22:23,1802.60,1,B
09:22:23,1802.60,1,B
09:22:23,1802.60,3,B
09:22:23,1802.60,3,B
09:22:22,1802.90,1,M
09:22:22,1802.60,1,B
09:22:22,1802.60,3,B
09:22:22,1802.60,1,B
09:22:22,1802.80,1,B
09:22:22,1802.90,1,B
09:22:22,1802.90,3,B
09:22:22,1802.90,2,B
09:22:22,1802.90,2,B
09:22:22,1802.90,2,B
09:22:22,1803.00,1,B
09:22:22,1803.10,1,B
09:22:22,1803.10,1,B
09:22:22,1803.40,2,M
09:22:21,1803.30,2,M
09:22:21,1803.00,29,M
09:22:21,1803.00,1,M
09:22:21,1803.70,1,M
09:22:21,1803.30,1,M
09:22:21,1803.30,2,M
09:22:21,1803.30,2,B
09:22:21,1803.00,1,B
09:22:21,1803.10,4,B
09:22:21,1803.10,1,B
09:22:21,1803.20,10,B
09:22:20,1803.30,1,B
09:22:20,1803.80,3,M
09:22:20,1803.80,1,M
09:22:20,1803.30,1,B
09:22:20,1803.30,2,B
09:22:20,1803.30,2,B
09:22:20,1803.40,1,B
09:22:20,1803.60,2,B
09:22:20,1803.70,1,B
09:22:20,1803.70,1,B
09:22:20,1803.70,2,B
09:22:20,1803.80,1,B
09:22:19,1804.00,2,M
09:22:19,1804.00,3,M
09:22:19,1803.70,1,B
09:22:19,1804.00,1,M
09:22:19,1804.00,1,M
09:22:19,1803.80,1,M
09:22:19,1803.60,1,B
09:22:19,1803.70,1,B
09:22:18,1804.00,2,M
09:22:18,1804.00,1,M
09:22:18,1803.70,17,M
09:22:18,1804.00,2,M
09:22:18,1804.00,4,B
09:22:18,1804.00,1,B
09:22:18,1804.10,1,M
09:22:17,1804.00,1,B
09:22:17,1804.00,2,B
09:22:17,1804.00,1,B
09:22:17,1804.00,10,M
09:22:17,1803.90,4,M
09:22:17,1803.80,2,M
09:22:17,1803.90,1,M
09:22:17,1803.90,1,M
09:22:17,1803.40,1,B
09:22:17,1803.40,1,B
09:22:17,1803.50,1,B
09:22:16,1803.30,1,B
09:22:16,1803.30,1,B
09:22:16,1804.00,11,B
09:22:16,1804.00,10,M
09:22:16,1804.00,1,M
09:22:16,1804.00,1,M
09:22:16,1803.90,1,M
09:22:16,1803.90,10,M
09:22:16,1803.90,10,M
09:22:16,1803.90,4,M
09:22:16,1803.80,1,M
09:22:16,1803.70,1,M
09:22:16,1803.30,1,B
09:22:16,1803.20,1,B
09:22:15,1803.10,1,B
09:22:15,1803.60,1,M
09:22:14,1803.90,1,M
09:22:14,1803.50,1,M
09:22:14,1803.90,5,M
09:22:14,1803.60,10,M
09:22:14,1803.60,10,M
09:22:14,1803.60,1,M
09:22:14,1803.60,2,M
09:22:14,1803.50,1,M
09:22:14,1803.20,1,M
09:22:14,1802.90,1,B
09:22:14,1803.60,1,M
09:22:14,1802.50,6,B
09:22:14,1802.50,10,B
09:22:14,1802.50,1,B
09:22:14,1802.50,1,B
09:22:14,1802.50,3,B
09:22:14,1802.60,10,B
09:22:14,1802.90,1,B
09:22:14,1803.30,1,B
09:22:14,1803.50,4,B
09:22:13,1804.00,1,M
09:22:13,1803.90,1,M
09:22:13,1803.70,1,M
09:22:13,1804.00,1,M
09:22:13,1804.00,1,M
09:22:13,1804.00,1,M
09:22:13,1803.90,5,M
09:22:13,1803.90,4,M
09:22:13,1803.90,5,M
09:22:13,1803.80,8,M
09:22:13,1803.20,1,M
09:22:13,1803.00,1,M
09:22:13,1803.00,1,M
09:22:13,1802.90,1,M
09:22:13,1802.90,1,M
09:22:13,1802.80,1,M
09:22:13,1802.70,1,M
09:22:13,1802.70,1,M
09:22:11,1802.90,1,M
09:22:11,1802.80,1,M
09:22:11,1802.70,3,M
09:22:11,1802.70,1,M
09:22:11,1802.30,7,M
09:22:11,1802.30,1,B
09:22:11,1802.30,1,B
09:22:11,1802.30,1,B
09:22:10,1802.40,1,B
09:22:10,1802.80,1,M
09:22:10,1802.90,1,M
09:22:10,1802.80,1,M
09:22:10,1802.40,1,M
09:22:10,1802.30,1,M
09:22:10,1802.30,10,M
09:22:10,1802.30,1,M
09:22:09,1802.30,2,M
09:22:09,1802.20,4,M
09:22:09,1802.20,1,M
09:22:09,1801.70,1,B
09:22:08,1802.30,1,M
09:22:08,1802.30,1,M
09:22:08,1802.20,1,M
09:22:08,1802.20,1,M
09:22:08,1802.20,1,M
09:22:07,1802.30,5,M
09:22:07,1801.60,1,B
09:22:07,1801.90,1,B
09:22:07,1801.90,1,B
09:22:07,1802.30,1,M
09:22:07,1802.30,1,M
09:22:07,1802.40,1,M
09:22:06,1801.50,30,M
09:22:06,1802.00,20,B
09:22:06,1802.50,1,B
09:22:06,1802.50,1,B
09:22:06,1801.30,11,B
09:22:06,1801.40,12,B
09:22:06,1801.40,1,B
09:22:06,1801.50,30,B
09:22:06,1801.70,1,B
09:22:06,1801.70,1,B
09:22:06,1801.70,1,B
09:22:06,1801.70,2,B
09:22:06,1801.70,1,B
09:22:06,1801.80,2,B
09:22:06,1802.00,1,B
09:22:06,1802.00,1,B
09:22:06,1802.00,7,B
09:22:06,1802.10,5,B
09:22:06,1802.10,25,B
09:22:06,1802.20,16,B
09:22:06,1802.30,1,B
09:22:06,1802.30,12,B
09:22:06,1802.40,3,B
09:22:06,1803.10,32,M
09:22:06,1803.00,1,M
09:22:06,1802.80,15,M
09:22:06,1802.70,2,M
09:22:06,1802.30,2,B
09:22:05,1802.30,1,B
09:22:05,1802.30,1,B
09:22:05,1802.80,4,M
09:22:05,1802.80,1,M
09:22:05,1802.50,1,M
09:22:05,1802.40,1,M
09:22:05,1802.40,1,M
09:22:05,1802.30,10,M
09:22:05,1802.20,1,B
09:22:05,1802.20,1,B
09:22:05,1802.20,2,M
09:22:04,1801.60,3,B
09:22:04,1801.90,8,B
09:22:04,1802.00,2,B
09:22:04,1802.00,5,B
09:22:04,1802.00,1,B
09:22:04,1802.00,5,M
09:22:04,1802.00,5,M
09:22:04,1802.00,1,M
09:22:04,1801.90,4,M
09:22:04,1801.90,2,M
09:22:04,1801.90,4,M
09:22:04,1801.90,1,M
09:22:04,1801.90,2,M
09:22:03,1801.90,8,M
09:22:03,1801.90,8,M
09:22:03,1801.90,2,M
09:22:03,1801.70,1,M
09:22:03,1801.50,2,B
09:22:03,1801.50,1,B
09:22:02,1801.50,2,M
09:22:02,1801.50,1,M
09:22:02,1801.50,2,M
09:22:01,1801.50,1,B
09:22:01,1801.50,3,M
09:22:01,1801.40,1,B
09:22:01,1801.50,3,M
09:22:01,1801.50,1,M
09:22:01,1801.50,8,M
09:22:01,1801.50,1,M
09:22:01,1801.50,4,M
09:22:01,1801.50,1,M
09:22:01,1801.50,4,M
09:22:01,1801.50,1,M
09:22:01,1801.50,2,M
09:22:01,1801.50,7,M
09:22:01,1801.50,4,M
09:22:00,1801.50,1,M
09:22:00,1801.50,5,M
09:22:00,1801.50,1,M
09:22:00,1801.30,1,B
09:22:00,1801.50,1,M
09:22:00,1801.30,4,B
09:21:59,1801.20,1,B
09:21:59,1801.50,1,M
09:21:59,1801.90,2,M
09:21:59,1801.80,2,M
09:21:59,1801.60,1,M
09:21:59,1801.00,1,B
09:21:59,1801.10,2,B
09:21:58,1801.00,1,B
09:21:58,1801.10,1,B
09:21:58,1801.10,1,B
09:21:58,1801.10,1,B
09:21:58,1801.10,9,B
09:21:58,1801.20,1,B
09:21:58,1801.20,1,B
09:21:58,1801.40,1,B
09:21:58,1801.60,1,B
09:21:58,1801.40,1,B
09:21:58,1801.60,1,M
09:21:58,1801.60,1,M
09:21:58,1801.50,19,M
09:21:58,1801.50,1,M
09:21:57,1801.60,1,M
09:21:56,1801.60,1,M
09:21:56,1801.10,1,B
09:21:56,1801.70,1,B
09:21:56,1801.80,1,B
09:21:56,1802.00,1,B
09:21:56,1802.10,16,B
09:21:56,1802.10,1,B
09:21:56,1801.60,6,M
09:21:56,1801.60,1,M
09:21:56,1801.60,1,M
09:21:55,1801.70,1,B
09:21:55,1801.70,1,B
09:21:55,1801.70,1,B
09:21:55,1801.70,1,B
09:21:55,1801.00,11,B
09:21:55,1801.10,1,B
09:21:55,1801.10,3,B
09:21:55,1801.20,1,B
09:21:55,1801.50,2,B
09:21:55,1801.50,1,B
09:21:55,1801.60,1,B
09:21:55,1801.90,1,M
09:21:54,1801.90,1,M
09:21:54,1801.80,1,M
09:21:54,1801.60,1,B
09:21:54,1801.60,1,B
09:21:54,1801.70,2,M
09:21:53,1801.60,1,B
09:21:53,1801.60,2,B
09:21:53,1801.60,1,B
09:21:53,1801.60,1,B
09:21:53,1801.60,1,B
09:21:53,1801.70,1,M
09:21:53,1801.70,1,M
09:21:53,1801.60,4,M
09:21:52,1801.60,1,M
09:21:52,1801.10,1,B
09:21:52,1801.10,1,B
09:21:52,1801.10,1,B
09:21:52,1801.20,1,B
09:21:52,1801.20,1,B
09:21:52,1801.10,1,B
09:21:52,1801.10,1,B
09:21:52,1801.10,1,B
09:21:52,1801.10,1,B
09:21:52,1801.10,1,B
09:21:52,1801.10,1,B
09:21:52,1801.10,1,B
09:21:52,1801.10,1,B
09:21:52,1801.10,1,B
09:21:52,1801.10,1,B
09:21:52,1801.10,1,B
09:21:52,1801.20,1,B
09:21:52,1801.20,1,B
09:21:52,1801.40,1,B
09:21:52,1801.40,1,B
09:21:52,1801.80,1,M
09:21:52,1801.10,3,B
09:21:52,1801.30,1,B
09:21:52,1801.40,1,B
09:21:52,1801.40,2,B
09:21:52,1801.40,1,B
09:21:52,1801.40,1,B
09:21:52,1801.40,1,B
09:21:51,1801.40,1,B
09:21:51,1801.90,1,M
09:21:51,1801.90,1,M
09:21:51,1801.90,2,M
09:21:51,1801.90,1,M
09:21:51,1801.90,1,M
09:21:50,1801.90,1,M
09:21:50,1801.80,2,M
09:21:50,1801.40,1,B
09:21:50,1801.60,1,B
09:21:50,1801.90,10,M
09:21:50,1801.90,1,M
09:21:50,1801.90,1,B
09:21:50,1802.00,30,B
09:21:50,1802.00,1,B
09:21:50,1802.10,1,B
09:21:50,1802.10,2,B
09:21:50,1802.20,1,B
09:21:50,1802.40,1,B
09:21:50,1802.50,10,B
09:21:50,1802.80,1,B
09:21:50,1803.00,2,B
09:21:50,1803.00,2,B
09:21:50,1803.00,1,B
09:21:50,1803.00,1,B
09:21:50,1803.00,1,B
09:21:50,1803.00,1,B
09:21:50,1803.00,2,B
09:21:50,1803.10,1,B
09:21:50,1803.10,1,B
09:21:50,1803.20,2,B
09:21:50,1803.50,2,B
09:21:50,1803.50,1,B
09:21:50,1803.50,1,B
09:21:50,1803.50,1,B
09:21:50,1803.60,1,B
09:21:50,1803.70,2,M
09:21:50,1803.60,1,M
09:21:50,1803.60,1,M
09:21:49,1803.50,1,M
09:21:49,1803.50,1,M
09:21:49,1803.70,1,M
09:21:49,1803.00,1,B
09:21:48,1803.00,5,B
09:21:48,1803.10,1,B
09:21:48,1803.20,2,B
09:21:48,1803.30,1,B
09:21:48,1803.60,2,M
09:21:48,1803.60,2,M
09:21:48,1803.60,2,M
09:21:48,1803.60,1,M
09:21:48,1803.20,1,B
09:21:48,1803.60,5,B
09:21:48,1803.70,3,M
09:21:48,1803.70,1,M
09:21:47,1803.60,1,M
09:21:47,1803.50,1,M
09:21:47,1803.40,2,M
09:21:47,1803.40,1,M
09:21:47,1803.40,1,M
09:21:45,1803.10,1,B
09:21:45,1803.10,1,B
09:21:45,1803.10,1,B
09:21:45,1803.40,1,M
09:21:45,1803.30,1,M
09:21:45,1803.10,1,B
09:21:45,1803.20,1,M
09:21:45,1803.20,9,M
09:21:44,1803.10,1,M
09:21:44,1803.00,1,M
09:21:44,1802.90,1,B
09:21:44,1802.40,5,B
09:21:44,1802.50,1,B
09:21:44,1802.60,1,B
09:21:44,1802.60,1,B
09:21:44,1802.80,1,B
09:21:44,1802.70,19,M
09:21:44,1802.70,1,M
09:21:44,1802.70,2,M
09:21:44,1802.70,2,M
09:21:44,1802.70,1,M
09:21:44,1802.70,1,M
09:21:44,1802.70,1,M
09:21:44,1802.70,3,B
09:21:44,1802.70,1,B
09:21:44,1802.80,4,B
09:21:43,1802.80,4,M
09:21:43,1802.80,6,B
09:21:43,1802.80,1,M
09:21:43,1802.80,2,M
09:21:43,1802.70,4,B
09:21:43,1802.80,4,M
09:21:43,1802.80,1,M
09:21:43,1802.80,1,M
09:21:42,1802.80,1,M
09:21:42,1802.80,1,M
09:21:42,1802.80,14,B
09:21:42,1803.10,1,M
09:21:42,1803.00,2,M
09:21:42,1802.90,9,M
09:21:42,1802.70,9,B
09:21:41,1802.70,2,B
09:21:41,1802.90,1,M
09:21:41,1802.80,1,M
09:21:41,1802.70,4,B
09:21:41,1802.40,8,B
09:21:41,1802.50,1,B
09:21:41,1802.50,1,B
09:21:41,1803.20,17,M
09:21:41,1803.20,11,M
09:21:41,1803.00,1,M
09:21:41,1802.90,4,M
09:21:41,1802.90,1,M
09:21:41,1802.90,1,M
09:21:41,1802.90,2,M
09:21:41,1802.50,1,M
09:21:41,1802.40,1,M
09:21:41,1802.40,1,M
09:21:41,1802.10,1,B
09:21:40,1802.50,1,B
09:21:40,1802.50,1,B
09:21:40,1801.00,1,B
09:21:40,1801.30,2,B
09:21:40,1801.40,27,B
09:21:40,1801.50,1,B
09:21:40,1801.60,1,B
09:21:40,1801.60,2,B
09:21:40,1801.60,2,B
09:21:40,1801.90,5,B
09:21:40,1802.00,3,B
09:21:40,1802.10,1,B
09:21:40,1802.10,1,B
09:21:40,1802.10,1,B
09:21:40,1802.10,1,B
09:21:40,1802.10,1,B
09:21:40,1802.10,1,B
09:21:40,1802.10,13,B
09:21:40,1802.20,2,B
09:21:40,1802.30,1,B
09:21:40,1802.30,1,B
09:21:40,1802.30,1,B
09:21:40,1802.30,8,B
09:21:40,1802.40,4,B
09:21:40,1802.40,2,B
09:21:40,1803.00,1,M
09:21:40,1803.00,1,M
09:21:40,1803.00,5,M
09:21:40,1802.90,3,M
09:21:40,1802.90,1,M
09:21:40,1802.80,1,M
09:21:40,1802.80,4,M
09:21:40,1802.80,1,M
09:21:40,1802.70,1,M
09:21:40,1802.70,1,M
09:21:40,1802.60,2,M
09:21:39,1802.10,2,B
09:21:39,1802.10,3,B
09:21:39,1802.10,1,B
09:21:39,1802.10,1,B
09:21:39,1802.00,1,B
09:21:39,1802.00,4,B
09:21:39,1802.00,4,M
09:21:39,1802.00,1,M
09:21:39,1802.00,3,M
09:21:39,1802.00,1,M
09:21:39,1802.00,23,M
09:21:39,1802.00,15,M
09:21:39,1802.00,1,M
09:21:39,1802.00,1,M
09:21:39,1802.00,1,M
09:21:39,1802.00,1,M
09:21:39,1802.00,3,M
09:21:39,1802.00,5,M
09:21:39,1802.00,10,M
09:21:39,1802.00,17,M
09:21:38,1802.20,7,B
09:21:38,1802.30,1,B
09:21:38,1802.30,1,B
09:21:38,1802.80,1,M
09:21:38,1802.20,1,B
09:21:38,1802.20,1,B
09:21:38,1802.30,2,B
09:21:38,1802.30,1,B
09:21:38,1802.30,2,B
09:21:38,1802.30,4,M
09:21:38,1802.30,1,M
09:21:38,1802.30,7,M
09:21:38,1802.00,1,M
09:21:38,1802.00,9,M
09:21:38,1801.90,1,M
09:21:38,1801.40,3,B
09:21:38,1801.60,1,B
09:21:38,1801.60,1,B
09:21:38,1801.50,1,M
09:21:37,1801.60,5,B
09:21:37,1801.60,1,B
09:21:37,1801.60,1,B
09:21:37,1801.60,1,B
09:21:37,1801.60,1,B
09:21:37,1801.60,1,B
09:21:37,1801.60,1,B
09:21:37,1801.60,2,B
09:21:37,1801.60,7,B
09:21:37,1801.60,5,B
09:21:37,1801.60,1,B
09:21:37,1801.60,2,B
09:21:37,1801.70,1,B
09:21:37,1801.70,4,B
09:21:37,1802.00,1,M
09:21:37,1801.60,2,B
09:21:37,1801.60,1,B
09:21:37,1801.60,9,B
09:21:37,1801.60,1,B
09:21:37,1802.00,1,M
09:21:37,1801.60,4,B
09:21:37,1801.80,1,B
09:21:37,1802.00,4,M
09:21:37,1802.00,8,M
09:21:37,1802.00,1,M
09:21:37,1801.90,2,M
09:21:37,1801.80,1,M
09:21:37,1801.60,20,B
09:21:37,1801.70,1,M
09:21:37,1801.60,1,B
09:21:36,1801.60,10,B
09:21:36,1801.60,1,B
09:21:36,1801.60,1,B
09:21:36,1801.60,4,B
09:21:36,1801.60,2,B
09:21:36,1801.60,1,B
09:21:36,1801.60,1,B
09:21:36,1801.60,1,B
09:21:36,1801.50,2,M
09:21:36,1801.20,1,M
09:21:36,1801.00,1,B
09:21:36,1801.00,1,B
09:21:36,1801.00,10,B
09:21:36,1801.00,1,B
09:21:36,1801.10,1,B
09:21:36,1801.10,1,B
09:21:36,1801.10,1,B
09:21:36,1801.10,4,B
09:21:36,1801.20,1,B
09:21:35,1801.60,4,B
09:21:35,1801.60,8,B
09:21:35,1801.60,1,B
09:21:35,1801.60,17,M
09:21:35,1801.60,4,M
09:21:35,1801.60,1,M
09:21:35,1801.10,1,B
09:21:35,1801.20,2,B
09:21:35,1801.20,1,B
09:21:35,1801.20,1,B
09:21:35,1801.40,1,B
09:21:34,1801.50,2,B
09:21:34,1801.50,2,B
09:21:34,1801.50,3,M
09:21:34,1801.50,2,B
09:21:34,1801.50,2,B
09:21:33,1801.60,1,M
09:21:33,1801.60,20,M
09:21:33,1801.60,1,M
09:21:33,1801.60,1,M
09:21:33,1801.90,1,B
09:21:33,1802.00,1,M
09:21:33,1802.00,2,M
09:21:33,1802.00,8,M
09:21:33,1802.00,1,M
09:21:33,1802.00,15,M
09:21:33,1801.50,1,B
09:21:33,1801.50,2,B
09:21:33,1801.50,1,B
09:21:33,1801.60,5,B
09:21:32,1802.00,28,M
09:21:32,1801.80,1,M
09:21:32,1801.80,1,M
09:21:32,1801.60,3,B
09:21:32,1801.60,2,B
09:21:32,1802.00,2,M
09:21:32,1802.00,5,M
09:21:32,1801.60,1,B
09:21:32,1801.60,1,B
09:21:32,1801.60,1,B
09:21:32,1801.60,1,B
09:21:32,1801.60,1,B
09:21:32,1801.60,1,B
09:21:32,1801.60,1,B
09:21:32,1801.60,1,B
09:21:32,1801.60,1,B
09:21:32,1801.60,1,B
09:21:32,1801.60,1,B
09:21:32,1801.60,1,B
09:21:32,1801.60,1,B
09:21:32,1801.70,1,B
09:21:32,1801.70,1,B
09:21:32,1801.70,1,B
09:21:32,1801.70,1,B
09:21:32,1801.70,3,B
09:21:32,1801.70,3,B
09:21:32,1801.80,1,B
09:21:32,1801.80,1,B
09:21:32,1802.00,1,B
09:21:32,1802.30,1,M
09:21:32,1801.90,19,M
09:21:31,1801.90,1,B
09:21:31,1802.00,1,B
09:21:31,1802.00,1,B
09:21:31,1802.00,1,B
09:21:31,1802.00,1,B
09:21:31,1802.00,1,B
09:21:31,1802.00,15,B
09:21:31,1802.30,1,M
09:21:31,1802.00,1,B
09:21:31,1802.00,1,B
09:21:31,1802.00,2,B
09:21:31,1802.30,4,M
09:21:31,1802.00,1,B
09:21:31,1802.00,1,B
09:21:31,1802.00,1,B
09:21:31,1802.30,1,M
09:21:31,1802.00,1,B
09:21:31,1802.00,1,B
09:21:31,1802.20,1,M
09:21:30,1802.00,1,B
09:21:30,1802.00,1,B
09:21:30,1802.00,2,B
09:21:30,1802.00,1,B
09:21:30,1802.00,4,B
09:21:30,1802.00,1,B
09:21:30,1802.00,1,B
09:21:30,1802.00,1,B
09:21:30,1802.00,1,B
09:21:30,1802.00,1,B
09:21:30,1802.00,1,B
09:21:30,1802.00,1,B
09:21:30,1802.10,1,B
09:21:30,1802.10,1,B
09:21:30,1802.60,14,M
09:21:30,1802.10,1,B
09:21:30,1802.10,1,B
09:21:30,1802.10,1,B
09:21:30,1802.20,1,B
09:21:30,1802.20,1,B
09:21:30,1802.20,1,B
09:21:30,1802.30,2,B
09:21:30,1802.30,1,B
09:21:30,1802.50,10,B
09:21:30,1802.50,1,B
09:21:30,1802.50,1,B
09:21:30,1802.60,1,B
09:21:30,1803.00,10,B
09:21:30,1803.00,20,B
09:21:30,1803.00,25,B
09:21:29,1803.00,25,B
09:21:29,1803.00,5,B
09:21:29,1803.20,4,M
09:21:29,1803.30,9,B
09:21:29,1803.50,1,M
09:21:29,1803.50,4,M
09:21:29,1803.30,1,B
09:21:29,1803.00,1,B
09:21:29,1803.00,1,B
09:21:28,1803.00,13,B
09:21:28,1803.00,1,B
09:21:28,1803.00,1,B
09:21:28,1803.00,1,B
09:21:28,1803.00,4,B
09:21:28,1803.00,19,B
09:21:28,1803.10,4,B
09:21:28,1803.20,1,M
09:21:28,1803.00,20,B
09:21:28,1803.00,1,B
09:21:28,1803.00,1,B
09:21:28,1803.00,1,B
09:21:28,1803.00,3,B
09:21:28,1803.00,6,B
09:21:28,1803.00,1,B
09:21:28,1803.10,1,B
09:21:28,1803.10,1,B
09:21:28,1803.20,2,B
09:21:27,1803.20,1,B
09:21:27,1803.20,4,B
09:21:27,1803.20,1,B
09:21:27,1803.20,1,B
09:21:27,1803.20,1,B
09:21:27,1803.20,1,B
09:21:27,1803.30,4,B
09:21:27,1803.30,1,B
09:21:27,1803.50,1,B
09:21:27,1803.60,3,B
09:21:27,1803.60,2,B
09:21:26,1803.90,1,M
09:21:26,1803.80,1,M
09:21:26,1803.70,1,M
09:21:26,1803.80,1,M
09:21:26,1803.30,1,B
09:21:26,1803.20,1,B
09:21:26,1803.60,1,B
09:21:26,1803.20,1,B
09:21:26,1804.00,2,M
09:21:26,1803.10,4,B
09:21:26,1803.30,4,B
09:21:26,1803.40,1,B
09:21:26,1803.40,2,B
09:21:26,1803.40,1,B
09:21:26,1803.40,2,B
09:21:26,1803.40,2,B
09:21:26,1803.40,4,B
09:21:26,1803.50,3,B
09:21:26,1803.50,1,B
09:21:25,1804.00,1,M
09:21:25,1804.00,1,M
09:21:25,1804.00,1,M
09:21:25,1803.60,1,B
09:21:25,1803.60,1,B
09:21:25,1803.50,1,B
09:21:25,1804.10,1,M
09:21:25,1804.00,1,M
09:21:25,1803.50,2,M
09:21:25,1803.50,2,M
09:21:25,1803.40,2,B
09:21:25,1803.50,1,B
09:21:25,1803.50,1,B
09:21:25,1803.90,1,B
09:21:25,1803.90,2,B
09:21:25,1803.90,2,M
09:21:25,1803.90,4,M
09:21:24,1803.50,3,B
09:21:24,1803.90,1,M
09:21:24,1803.90,1,M
09:21:24,1803.50,1,B
09:21:24,1803.50,1,B
09:21:24,1803.50,1,M
09:21:24,1803.50,1,M
09:21:24,1803.50,4,M
09:21:24,1803.50,1,M
09:21:24,1803.50,1,M
09:21:24,1803.50,1,B
09:21:23,1803.50,89,M
09:21:23,1803.50,8,M
09:21:23,1803.50,1,B
09:21:23,1803.50,1,B
09:21:23,1803.50,1,B
09:21:23,1803.40,2,B
09:21:23,1803.40,1,B
09:21:23,1804.00,1,M
09:21:22,1804.10,8,M
09:21:22,1804.10,1,M
09:21:22,1804.00,2,M
09:21:22,1804.00,1,M
09:21:22,1804.00,1,M
09:21:22,1803.90,1,M
09:21:22,1803.90,1,M
09:21:22,1803.90,1,M
09:21:22,1803.40,20,B
09:21:22,1803.40,1,B
09:21:21,1803.90,1,M
09:21:21,1803.80,5,M
09:21:21,1803.80,1,M
09:21:21,1803.50,2,M
09:21:21,1803.50,1,M
09:21:21,1803.50,1,M
09:21:21,1803.50,1,M
09:21:21,1803.40,3,B
09:21:21,1803.80,3,M
09:21:21,1803.50,1,M
09:21:21,1803.40,1,B
09:21:21,1803.40,1,B
09:21:21,1803.40,2,B
09:21:21,1803.40,10,B
09:21:21,1803.60,1,B
09:21:21,1803.40,2,B
09:21:21,1803.40,1,M
09:21:21,1803.90,1,M
09:21:21,1803.80,1,M
09:21:21,1803.80,1,M
09:21:21,1803.60,3,M
09:21:21,1803.40,1,M
09:21:21,1803.40,2,M
09:21:21,1803.40,1,M
09:21:21,1803.30,1,B
09:21:21,1803.40,3,M
09:21:20,1803.40,1,M
09:21:20,1803.00,1,B
09:21:20,1803.40,1,M
09:21:20,1803.00,3,B
09:21:20,1803.00,1,B
09:21:20,1803.00,2,B
09:21:20,1803.00,1,B
09:21:20,1803.00,1,B
09:21:20,1803.00,7,B
09:21:20,1803.00,1,B
09:21:20,1803.10,5,B
09:21:20,1803.10,1,B
09:21:20,1803.30,8,B
09:21:20,1803.30,1,B
09:21:20,1803.90,2,M
09:21:20,1803.50,1,M
09:21:20,1803.40,2,B
09:21:20,1803.40,2,B
09:21:19,1803.40,1,B
09:21:19,1803.90,1,M
09:21:19,1803.80,4,M
09:21:19,1803.40,1,B
09:21:19,1803.30,1,B
09:21:19,1803.30,1,B
09:21:19,1803.30,1,B
09:21:19,1803.30,5,B
09:21:19,1803.30,12,B
09:21:19,1803.50,1,M
09:21:19,1803.50,1,M
09:21:19,1803.50,1,M
09:21:18,1803.50,2,M
09:21:18,1803.50,1,M
09:21:18,1803.50,1,M
09:21:18,1803.50,1,M
09:21:18,1803.50,1,M
09:21:18,1803.30,5,B
09:21:18,1803.30,1,B
09:21:18,1803.30,17,B
09:21:18,1803.30,4,B
09:21:18,1803.40,4,M
09:21:17,1803.50,2,B
09:21:17,1803.40,1,B
09:21:17,1803.30,1,B
09:21:17,1803.60,1,B
09:21:17,1803.30,1,B
09:21:17,1803.40,1,B
09:21:17,1803.40,1,B
09:21:17,1803.40,6,B
09:21:17,1803.50,1,B
09:21:17,1803.50,11,B
09:21:17,1803.50,4,B
09:21:17,1803.50,1,B
09:21:17,1803.50,1,B
09:21:16,1804.10,2,M
09:21:16,1803.40,3,B
09:21:16,1803.50,2,B
09:21:16,1803.50,3,B
09:21:16,1803.50,1,B
09:21:16,1803.40,1,B
09:21:16,1803.40,1,B
09:21:16,1803.60,1,B
09:21:16,1803.60,1,B
09:21:16,1804.10,23,B
09:21:16,1804.10,1,B
09:21:16,1804.10,1,B
09:21:16,1804.10,1,B
09:21:16,1804.10,1,B
09:21:16,1804.10,2,B
09:21:16,1804.10,1,M
09:21:16,1803.30,4,B
09:21:16,1803.40,1,B
09:21:16,1803.40,1,B
09:21:16,1803.50,2,B
09:21:16,1803.50,1,B
09:21:16,1804.20,1,M
09:21:16,1803.30,5,B
09:21:16,1803.40,2,B
09:21:16,1803.40,1,B
09:21:16,1804.30,9,M
09:21:16,1804.00,4,M
09:21:16,1804.00,1,M
09:21:16,1804.00,1,M
09:21:16,1803.50,1,M
09:21:16,1803.50,1,M
09:21:16,1803.40,1,B
09:21:16,1803.50,1,B
09:21:16,1803.50,1,M
09:21:16,1803.40,9,B
09:21:16,1803.40,14,B
09:21:16,1803.50,2,B
09:21:16,1803.50,1,B
09:21:16,1803.50,1,B
09:21:16,1803.50,12,B
09:21:16,1803.90,1,M
09:21:15,1803.50,25,B
09:21:15,1803.50,16,B
09:21:15,1803.50,5,B
09:21:15,1803.50,1,B
09:21:15,1803.50,1,B
09:21:15,1803.50,25,B
09:21:15,1803.60,15,M
09:21:15,1803.50,8,B
09:21:15,1803.50,2,B
09:21:15,1803.50,1,B
09:21:15,1803.50,1,B
09:21:15,1803.50,1,B
09:21:15,1803.50,1,B
09:21:14,1803.50,1,B
09:21:14,1803.50,6,B
09:21:14,1803.60,1,B
09:21:14,1803.60,3,B
09:21:14,1803.60,1,B
09:21:14,1803.60,1,B
09:21:14,1803.60,2,B
09:21:14,1803.60,1,B
09:21:13,1803.50,2,B
09:21:13,1803.60,8,B
09:21:13,1804.00,1,B
09:21:13,1803.50,3,B
09:21:13,1803.60,1,B
09:21:13,1803.90,5,B
09:21:13,1804.00,1,B
09:21:12,1804.00,10,B
09:21:12,1804.00,1,B
09:21:12,1804.00,1,B
09:21:12,1804.00,1,B
09:21:12,1804.00,1,B
09:21:12,1804.00,1,B
09:21:12,1804.00,1,B
09:21:12,1804.00,2,B
09:21:12,1804.10,3,B
09:21:12,1804.10,1,B
09:21:12,1804.30,4,M
09:21:11,1804.30,1,M
09:21:11,1804.30,1,M
09:21:11,1804.30,1,M
09:21:11,1804.20,4,M
09:21:11,1804.00,1,B
09:21:11,1803.70,1,B
09:21:11,1803.90,1,B
09:21:11,1804.00,1,M
09:21:11,1803.90,1,B
09:21:11,1803.90,1,B
09:21:11,1804.00,1,B
09:21:10,1804.00,5,M
09:21:10,1804.10,4,B
09:21:10,1804.20,27,B
09:21:10,1804.30,13,B
09:21:10,1804.50,1,M
09:21:10,1804.30,1,B
09:21:10,1804.30,1,B
09:21:10,1804.30,1,B
09:21:09,1804.30,4,B
09:21:09,1804.10,1,B
09:21:09,1804.10,1,B
09:21:09,1803.90,14,B
09:21:09,1804.00,1,B
09:21:09,1804.00,5,B
09:21:09,1804.00,1,B
09:21:09,1804.60,1,M
09:21:09,1804.60,1,M
09:21:09,1804.60,1,M
09:21:09,1804.50,4,M
09:21:09,1804.50,1,M
09:21:09,1804.00,2,B
09:21:09,1804.10,2,B
09:21:09,1804.10,3,B
09:21:09,1804.10,1,B
09:21:09,1804.10,1,B
09:21:09,1804.10,1,B
09:21:09,1804.00,1,B
09:21:09,1804.60,5,M
09:21:09,1804.60,1,M
09:21:09,1804.60,1,M
09:21:09,1804.50,1,M
09:21:08,1804.00,8,B
09:21:08,1804.00,1,B
09:21:08,1804.00,1,B
09:21:08,1804.00,1,B
09:21:08,1804.00,3,B
09:21:08,1804.10,1,B
09:21:08,1804.00,1,B
09:21:08,1804.10,1,B
09:21:08,1804.20,1,B
09:21:08,1804.30,2,M
09:21:07,1804.60,1,M
09:21:07,1804.60,1,M
09:21:07,1804.00,1,M
09:21:07,1804.70,3,M
09:21:07,1804.70,15,M
09:21:07,1804.70,1,M
09:21:07,1804.70,1,M
09:21:07,1804.70,1,M
09:21:07,1804.70,2,M
09:21:07,1804.70,9,M
09:21:07,1804.60,2,M
09:21:07,1804.40,2,M
09:21:07,1804.30,2,M
09:21:07,1804.00,1,M
09:21:07,1803.90,1,M
09:21:07,1803.70,4,B
09:21:07,1803.70,1,B
09:21:07,1803.70,4,B
09:21:07,1803.70,2,B
09:21:07,1803.70,1,B
09:21:07,1803.80,1,M
09:21:06,1803.70,2,B
09:21:06,1804.00,4,B
09:21:06,1804.30,1,M
09:21:06,1804.00,2,B
09:21:06,1804.00,2,M
09:21:06,1804.00,6,M
09:21:06,1804.00,10,M
09:21:06,1804.00,1,M
09:21:06,1804.00,5,M
09:21:06,1803.70,1,B
09:21:06,1804.00,3,M
09:21:06,1803.90,1,M
09:21:06,1803.50,1,B
09:21:06,1803.50,3,B
09:21:06,1803.50,1,B
09:21:06,1803.50,4,B
09:21:06,1803.90,1,M
09:21:05,1803.90,1,M
09:21:05,1803.90,1,M
09:21:05,1804.00,1,M
09:21:05,1803.50,5,B
09:21:05,1803.50,3,B
09:21:05,1803.50,22,B
09:21:05,1803.50,7,B
09:21:05,1803.60,8,B
09:21:05,1803.60,1,B
09:21:05,1803.70,5,B
09:21:05,1803.70,3,B
09:21:05,1803.80,5,B
09:21:05,1803.80,1,B
09:21:05,1803.80,2,B
09:21:05,1803.90,1,B
09:21:05,1804.00,1,M
09:21:05,1803.90,1,B
09:21:05,1803.90,2,B
09:21:05,1803.90,1,B
09:21:04,1803.90,1,B
09:21:04,1804.00,1,M
09:21:04,1803.90,1,B
09:21:04,1804.00,5,M
09:21:04,1804.00,1,B
09:21:04,1804.00,1,B
09:21:04,1804.00,1,B
09:21:04,1804.00,2,B
09:21:04,1804.00,1,B
09:21:04,1804.00,14,B
09:21:04,1804.00,8,B
09:21:03,1804.00,1,B
09:21:03,1804.30,2,M
09:21:03,1804.00,1,B
09:21:03,1804.00,1,B
09:21:03,1804.50,1,M
09:21:03,1804.00,2,B
09:21:02,1804.00,23,B
09:21:02,1804.00,4,B
09:21:02,1804.00,1,B
09:21:02,1804.00,1,B
09:21:02,1804.00,1,B
09:21:02,1804.10,8,M
09:21:02,1804.50,2,M
09:21:02,1804.50,5,M
09:21:02,1804.50,5,M
09:21:02,1804.40,1,M
09:21:02,1804.40,1,M
09:21:02,1804.40,2,M
09:21:02,1804.30,1,M
09:21:02,1804.20,1,M
09:21:02,1804.40,1,M
09:21:02,1804.10,1,B
09:21:02,1804.10,1,B
09:21:02,1804.20,1,B
09:21:02,1804.20,1,B
09:21:02,1804.30,1,B
09:21:02,1804.30,9,B
09:21:01,1804.40,1,M
09:21:01,1804.30,1,B
09:21:01,1804.40,1,M
09:21:01,1804.30,1,B
09:21:00,1804.40,1,B
09:21:00,1804.50,2,B
09:21:00,1804.70,1,M
09:21:00,1804.50,1,B
09:21:00,1804.60,1,B
09:21:00,1804.60,1,B
09:20:59,1804.70,2,M
09:20:59,1804.70,1,M
09:20:59,1804.50,1,B
09:20:59,1804.70,1,M
09:20:59,1804.50,1,B
09:20:59,1804.50,1,B
09:20:59,1804.50,1,B
09:20:59,1804.50,1,B
09:20:59,1804.50,1,B
09:20:59,1804.50,1,B
09:20:59,1804.50,2,B
09:20:59,1804.60,4,M
09:20:59,1804.50,2,B
09:20:58,1804.60,1,B
09:20:58,1804.60,1,B
09:20:58,1804.60,9,B
09:20:58,1804.60,1,B
09:20:58,1804.60,9,B
09:20:58,1804.60,1,B
09:20:57,1804.70,2,B
09:20:57,1804.80,1,B
09:20:57,1804.90,1,B
09:20:57,1804.90,1,B
09:20:57,1805.00,1,B
09:20:57,1805.00,6,B
09:20:57,1805.00,2,B
09:20:57,1805.00,1,B
09:20:57,1805.00,1,B
09:20:57,1805.00,1,B
09:20:57,1805.00,1,B
09:20:57,1805.00,1,B
09:20:57,1805.00,1,B
09:20:57,1805.00,2,B
09:20:57,1805.00,1,B
09:20:57,1805.00,1,B
09:20:57,1805.00,1,B
09:20:57,1805.00,17,B
09:20:57,1805.00,1,B
09:20:57,1805.00,1,B
09:20:57,1805.50,2,M
09:20:57,1805.50,2,M
09:20:57,1805.00,1,B
09:20:57,1805.00,1,B
09:20:57,1805.00,1,B
09:20:57,1805.10,1,B
09:20:56,1805.00,2,B
09:20:56,1805.00,4,B
09:20:56,1805.20,4,B
09:20:56,1805.60,1,M
09:20:56,1805.00,6,B
09:20:56,1805.00,2,B
09:20:56,1805.10,2,B
09:20:56,1805.00,6,B
09:20:56,1805.00,2,B
09:20:56,1805.10,1,B
09:20:56,1805.10,2,B
09:20:56,1805.10,6,B
09:20:56,1805.10,2,B
09:20:56,1805.20,1,B
09:20:56,1805.40,1,B
09:20:56,1805.50,8,B
09:20:56,1805.50,1,B
09:20:56,1805.50,5,B
09:20:56,1805.60,1,B
09:20:56,1805.70,4,B
09:20:56,1805.70,1,B
09:20:56,1805.80,3,B
09:20:56,1805.80,5,B
09:20:55,1805.70,2,B
09:20:55,1805.70,3,B
09:20:55,1805.70,2,B
09:20:55,1805.70,1,B
09:20:55,1805.80,10,B
09:20:54,1805.70,1,B
09:20:54,1805.90,1,B
09:20:54,1805.70,2,B
09:20:54,1805.80,1,B
09:20:54,1805.80,1,B
09:20:54,1805.80,1,B
09:20:54,1806.70,1,M
09:20:54,1806.60,1,M
09:20:54,1806.60,5,B
09:20:54,1806.60,2,B
09:20:54,1806.60,1,B
09:20:54,1806.70,1,M
09:20:54,1805.70,2,B
09:20:53,1806.70,7,M
09:20:53,1806.70,1,M
09:20:53,1806.50,1,M
09:20:53,1806.50,5,M
09:20:53,1806.30,1,M
09:20:53,1806.30,2,M
09:20:53,1806.50,4,M
09:20:53,1806.50,10,M
09:20:53,1806.50,1,M
09:20:53,1806.40,1,M
09:20:53,1805.50,4,B
09:20:53,1805.50,2,B
09:20:53,1805.60,1,B
09:20:53,1805.60,9,B
09:20:53,1806.00,9,B
09:20:53,1806.00,5,B
09:20:52,1806.00,2,B
09:20:52,1806.40,1,M
09:20:52,1806.00,1,B
09:20:52,1806.00,1,B
09:20:52,1806.00,1,B
09:20:52,1806.00,1,B
09:20:52,1806.00,19,M
09:20:51,1805.60,1,B
09:20:51,1806.00,1,M
09:20:51,1806.00,10,M
09:20:51,1806.00,1,M
09:20:51,1805.60,3,B
09:20:51,1806.00,1,M
09:20:50,1805.60,3,B
09:20:50,1806.00,1,M
09:20:49,1806.00,9,M
09:20:49,1805.90,1,M
09:20:49,1805.90,1,M
09:20:49,1805.90,9,M
09:20:49,1805.90,1,M
09:20:49,1805.90,4,M
09:20:49,1805.80,1,M
09:20:49,1805.80,1,M
09:20:49,1805.70,1,M
09:20:49,1805.70,1,M
09:20:49,1805.70,1,M
09:20:49,1805.60,1,M
09:20:49,1805.60,3,M
09:20:49,1805.30,1,B
09:20:49,1805.30,3,B
09:20:49,1805.30,1,B
09:20:49,1805.60,2,M
09:20:49,1805.60,1,M
09:20:48,1805.20,1,B
09:20:48,1805.80,1,M
09:20:48,1805.10,1,B
09:20:48,1805.40,1,B
09:20:48,1805.40,2,B
09:20:48,1805.90,1,M
09:20:48,1805.50,1,B
09:20:48,1805.50,1,B
09:20:48,1805.70,1,B
09:20:48,1805.70,1,B
09:20:48,1805.80,1,B
09:20:47,1805.90,10,M
09:20:47,1805.80,1,B
09:20:46,1805.90,1,M
09:20:46,1805.90,1,M
09:20:46,1805.90,1,M
09:20:45,1806.00,2,M
09:20:45,1806.00,1,M
09:20:45,1806.00,1,M
09:20:45,1805.60,1,B
09:20:45,1805.60,2,B
09:20:45,1805.60,5,B
09:20:45,1805.60,1,B
09:20:45,1805.70,1,B
09:20:45,1805.70,10,B
09:20:45,1805.70,2,B
09:20:45,1805.90,1,B
09:20:45,1806.10,29,B
09:20:45,1806.10,1,B
09:20:44,1805.70,8,B
09:20:44,1805.70,1,B
09:20:44,1805.70,4,B
09:20:44,1805.80,3,B
09:20:44,1806.50,1,M
09:20:43,1806.60,1,M
09:20:43,1806.60,1,M
09:20:43,1805.60,1,B
09:20:43,1805.70,1,B
09:20:43,1805.60,1,B
09:20:42,1805.60,10,B
09:20:42,1806.70,9,M
09:20:42,1806.60,1,M
09:20:42,1806.40,1,M
09:20:42,1806.10,4,M
09:20:42,1805.90,1,M
09:20:41,1805.80,1,M
09:20:41,1805.40,2,B
09:20:41,1805.60,1,M
09:20:41,1805.50,1,M
09:20:41,1805.40,2,B
09:20:41,1805.40,4,B
09:20:40,1805.40,1,B
09:20:40,1805.40,1,B
09:20:40,1805.60,1,M
09:20:40,1805.60,1,M
09:20:40,1805.50,1,M
09:20:40,1805.40,1,M
09:20:39,1805.40,1,M
09:20:39,1805.10,1,B
09:20:39,1805.10,1,B
09:20:38,1805.10,9,B
09:20:38,1805.20,1,B
09:20:38,1805.20,1,B
09:20:38,1805.20,3,B
09:20:38,1805.30,1,B
09:20:38,1805.30,1,B
09:20:38,1805.50,2,B
09:20:38,1805.60,1,B
09:20:38,1805.70,1,B
09:20:38,1805.90,4,B
09:20:38,1806.20,1,M
09:20:38,1806.10,1,M
09:20:38,1805.90,2,B
09:20:38,1805.90,1,B
09:20:38,1805.90,1,B
09:20:38,1805.90,1,B
09:20:38,1805.90,1,B
09:20:38,1805.90,4,B
09:20:37,1805.90,4,B
09:20:37,1805.90,1,B
09:20:37,1805.90,1,B
09:20:37,1806.30,1,M
09:20:37,1806.30,1,M
09:20:37,1806.10,1,B
09:20:37,1805.70,1,B
09:20:37,1805.90,1,B
09:20:37,1806.00,1,B
09:20:36,1806.70,3,M
09:20:36,1806.60,1,M
09:20:36,1806.50,1,M
09:20:36,1806.50,1,M
09:20:36,1805.80,1,B
09:20:36,1805.80,1,B
09:20:36,1805.90,1,B
09:20:36,1806.60,1,M
09:20:36,1805.80,1,B
09:20:36,1806.00,1,B
09:20:36,1806.00,3,B
09:20:36,1806.00,1,B
09:20:36,1806.10,4,B
09:20:36,1806.10,1,B
09:20:36,1806.10,1,B
09:20:36,1806.40,5,B
09:20:36,1806.50,1,B
09:20:36,1806.60,1,B
09:20:36,1807.00,1,M
09:20:36,1806.50,1,B
09:20:36,1806.70,7,B
09:20:36,1807.00,1,B
09:20:36,1807.00,7,B
09:20:35,1807.00,11,B
09:20:35,1807.00,1,B
09:20:35,1807.10,1,B
09:20:35,1807.10,3,B
09:20:35,1807.50,1,B
09:20:35,1807.50,50,B
09:20:35,1807.50,16,B
09:20:34,1807.50,13,B
09:20:34,1807.70,1,M
09:20:33,1807.50,7,B
09:20:33,1807.50,7,B
09:20:33,1807.80,1,M
09:20:33,1807.80,1,M
09:20:32,1807.90,1,B
09:20:32,1808.00,1,M
09:20:32,1808.00,1,M
09:20:32,1808.00,1,M
09:20:31,1808.00,1,B
09:20:31,1808.00,1,B
09:20:30,1808.00,1,B
09:20:30,1808.00,4,B
09:20:30,1808.10,1,B
09:20:30,1808.20,1,B
09:20:30,1808.30,4,B
09:20:29,1808.30,1,B
09:20:29,1808.70,4,M
09:20:29,1808.70,24,M
09:20:29,1808.60,1,M
09:20:29,1808.60,1,M
09:20:29,1808.60,1,M
09:20:28,1808.10,1,B
09:20:28,1808.70,3,M
09:20:28,1808.70,1,M
09:20:28,1808.20,6,M
09:20:28,1808.20,5,M
09:20:27,1808.00,1,B
09:20:26,1808.00,6,B
09:20:26,1808.10,2,B
09:20:26,1808.10,1,B
09:20:26,1808.10,3,B
09:20:26,1808.10,4,B
09:20:26,1808.20,1,M
09:20:26,1808.20,1,M
09:20:25,1808.20,1,M
09:20:25,1808.30,1,B
09:20:25,1808.60,1,B
09:20:24,1808.70,1,M
09:20:24,1808.60,2,B
09:20:24,1808.40,7,M
09:20:23,1808.70,1,M
09:20:23,1808.70,4,M
09:20:23,1808.40,1,M
09:20:23,1808.00,2,B
09:20:23,1808.00,5,B
09:20:23,1808.30,1,B
09:20:22,1808.30,1,M
09:20:22,1808.00,1,B
09:20:22,1807.80,1,B
09:20:21,1808.50,4,M
09:20:21,1808.50,1,M
09:20:21,1808.40,1,M
09:20:21,1807.70,1,B
09:20:21,1807.60,1,B
09:20:21,1808.50,1,M
09:20:21,1808.30,6,M
09:20:21,1808.20,1,M
09:20:21,1808.20,1,M
09:20:21,1808.00,5,M
09:20:21,1808.00,1,M
09:20:21,1808.00,2,M
09:20:21,1808.00,5,M
09:20:21,1808.00,1,M
09:20:21,1807.90,1,M
09:20:21,1807.90,1,M
09:20:21,1807.70,1,M
09:20:21,1807.70,4,M
09:20:21,1807.70,1,M
09:20:21,1807.70,1,M
09:20:21,1807.70,8,M
09:20:21,1807.70,1,M
09:20:20,1807.50,6,B
09:20:20,1807.60,1,M
09:20:20,1807.40,1,M
09:20:19,1807.70,1,M
09:20:19,1807.60,1,B
09:20:19,1807.60,1,B
09:20:19,1807.60,2,B
09:20:19,1807.60,1,B
09:20:18,1807.60,4,M
09:20:17,1807.80,1,M
09:20:17,1807.80,2,M
09:20:16,1807.80,1,M
09:20:16,1807.80,1,M
09:20:16,1807.80,1,M
09:20:16,1807.70,1,M
09:20:16,1807.80,1,M
09:20:16,1807.80,1,M
09:20:15,1807.20,1,M
09:20:15,1807.20,1,M
09:20:15,1807.20,1,M
09:20:15,1807.20,1,M
09:20:15,1807.20,7,M
09:20:15,1807.10,1,B
09:20:15,1807.10,1,B
09:20:14,1807.10,1,M
09:20:14,1807.10,1,M
09:20:14,1806.90,1,M
09:20:13,1806.40,5,B
09:20:13,1806.40,1,B
09:20:13,1806.70,1,B
09:20:13,1806.80,3,B
09:20:13,1806.80,2,B
09:20:13,1806.90,6,B
09:20:13,1807.20,1,M
09:20:13,1807.10,1,M
09:20:13,1807.10,1,M
09:20:12,1807.10,1,M
09:20:12,1807.10,1,M
09:20:12,1806.60,1,B
09:20:11,1807.20,5,M
09:20:11,1807.00,1,M
09:20:10,1806.90,1,M
09:20:10,1806.70,1,M
09:20:10,1806.90,1,M
09:20:10,1806.90,1,M
09:20:10,1806.90,1,M
09:20:10,1806.80,1,M
09:20:10,1806.80,1,M
09:20:10,1806.00,2,M
09:20:10,1806.00,1,M
09:20:09,1805.80,8,M
09:20:09,1805.70,1,B
09:20:09,1805.70,7,M
09:20:08,1805.20,1,B
09:20:08,1805.30,4,B
09:20:08,1805.70,1,M
09:20:08,1805.70,13,M
09:20:08,1805.60,2,M
09:20:08,1805.50,1,M
09:20:08,1805.50,1,M
09:20:08,1805.50,1,M
09:20:08,1805.40,1,M
09:20:08,1805.40,4,M
09:20:08,1805.40,5,M
09:20:08,1805.40,1,M
09:20:07,1805.20,5,B
09:20:07,1805.30,3,M
09:20:07,1805.30,2,M
09:20:07,1805.20,1,B
09:20:07,1805.20,6,B
09:20:07,1805.20,2,B
09:20:06,1805.20,3,B
09:20:06,1805.20,1,B
09:20:06,1805.20,6,B
09:20:06,1805.20,1,B
09:20:06,1805.20,1,B
09:20:06,1805.20,1,B
09:20:05,1805.40,10,M
09:20:05,1805.40,1,M
09:20:05,1805.20,4,M
09:20:05,1804.70,3,B
09:20:05,1804.90,15,B
09:20:05,1804.90,1,B
09:20:05,1804.90,2,B
09:20:04,1804.70,1,B
09:20:04,1804.70,1,B
09:20:04,1804.70,4,B
09:20:04,1804.80,1,B
09:20:04,1805.00,4,B
09:20:04,1805.20,1,M
09:20:04,1805.30,2,M
09:20:04,1804.70,1,B
09:20:04,1804.70,1,B
09:20:04,1804.80,1,B
09:20:04,1804.80,1,M
09:20:03,1804.60,1,B
09:20:03,1804.60,2,B
09:20:03,1804.60,1,B
09:20:03,1805.60,1,M
09:20:03,1805.50,1,M
09:20:03,1804.50,5,B
09:20:03,1805.60,20,M
09:20:03,1805.50,1,M
09:20:03,1805.50,1,M
09:20:03,1805.00,13,M
09:20:03,1804.90,13,M
09:20:03,1804.80,1,M
09:20:03,1804.80,1,M
09:20:03,1804.50,1,B
09:20:03,1804.60,1,B
09:20:03,1804.60,1,B
09:20:03,1804.80,3,B
09:20:03,1804.90,1,M
09:20:03,1804.90,1,B
09:20:03,1805.00,1,B
09:20:03,1805.00,1,B
09:20:03,1805.00,1,B
09:20:03,1805.00,1,B
09:20:03,1805.00,1,B
09:20:03,1805.00,1,B
09:20:03,1805.00,1,B
09:20:03,1805.00,1,B
09:20:03,1805.00,1,B
09:20:03,1805.00,1,B
09:20:03,1805.00,2,B
09:20:03,1805.00,2,B
09:20:03,1805.00,1,B
09:20:03,1805.10,1,B
09:20:03,1805.10,1,B
09:20:03,1805.50,1,M
09:20:02,1805.00,2,B
09:20:02,1805.00,1,B
09:20:02,1805.00,2,B
09:20:02,1805.00,1,B
09:20:02,1805.00,1,B
09:20:02,1805.00,30,B
09:20:02,1805.00,2,B
09:20:02,1805.00,1,B
09:20:02,1805.60,2,M
09:20:02,1805.00,1,B
09:20:02,1805.00,1,B
09:20:02,1805.00,3,B
09:20:02,1805.00,25,B
09:20:02,1805.50,1,B
09:20:02,1805.00,2,B
09:20:02,1805.00,3,B
09:20:02,1805.00,1,B
09:20:02,1805.00,1,B
09:20:02,1805.00,13,B
09:20:02,1805.00,1,B
09:20:02,1805.00,1,B
09:20:02,1805.00,5,B
09:20:02,1805.00,5,B
09:20:02,1805.00,15,B
09:20:02,1805.00,1,B
09:20:02,1805.00,2,B
09:20:02,1805.00,1,B
09:20:02,1805.00,1,B
09:20:02,1805.00,3,B
09:20:02,1805.00,5,B
09:20:02,1805.00,1,B
09:20:02,1805.10,1,B
09:20:02,1805.10,1,B
09:20:02,1805.10,1,B
09:20:02,1805.10,1,B
09:20:02,1805.10,2,B
09:20:02,1805.20,13,B
09:20:02,1805.20,1,B
09:20:02,1805.20,25,B
09:20:02,1805.30,3,B
09:20:02,1805.30,2,B
09:20:02,1805.70,1,M
09:20:01,1805.70,1,M
09:20:01,1805.70,1,M
09:20:01,1805.60,1,M
09:20:01,1805.60,1,M
09:20:01,1805.20,20,B
09:20:01,1805.30,1,B
09:20:01,1805.30,4,B
09:20:01,1805.30,1,B
09:20:01,1805.30,1,B
09:20:01,1805.30,1,B
09:20:01,1805.30,2,B
09:20:01,1805.30,18,B
09:20:01,1805.30,2,B
09:20:01,1805.40,1,B
09:20:01,1805.50,1,B
09:20:01,1805.50,1,B
09:20:01,1805.50,1,B
09:20:01,1805.50,1,B
09:20:01,1805.50,5,B
09:20:00,1805.70,1,M
09:20:00,1805.50,1,B
09:20:00,1805.60,3,B
09:20:00,1805.60,1,B
09:20:00,1805.60,25,B
09:20:00,1805.60,1,B
09:20:00,1805.60,1,B
09:20:00,1805.60,23,B
09:20:00,1805.70,1,B
09:20:00,1805.70,1,B
09:20:00,1805.70,2,B
09:20:00,1805.70,2,B
09:20:00,1806.00,1,M
09:20:00,1806.00,1,M
09:20:00,1805.90,1,M
09:20:00,1805.90,6,M
09:19:59,1805.90,5,M
09:19:59,1805.70,1,B
09:19:59,1805.90,2,M
09:19:59,1805.90,1,M
09:19:58,1806.00,1,M
09:19:58,1806.00,1,M
09:19:58,1805.70,3,B
09:19:58,1806.00,1,M
09:19:58,1805.70,1,B
09:19:58,1805.70,1,B
09:19:58,1805.80,2,B
09:19:58,1806.00,2,M
09:19:57,1806.00,6,B
09:19:57,1806.00,1,B
09:19:57,1806.00,17,B
09:19:57,1806.00,1,B
09:19:57,1806.00,2,B
09:19:57,1806.00,1,B
09:19:57,1806.00,8,B
09:19:57,1806.00,25,B
09:19:57,1806.10,1,B
09:19:57,1806.10,1,B
09:19:57,1806.10,1,B
09:19:57,1806.10,1,B
09:19:57,1806.10,1,B
09:19:57,1806.10,9,B
09:19:57,1806.20,3,B
09:19:57,1806.30,10,B
09:19:57,1806.40,5,B
09:19:57,1806.40,3,B
09:19:57,1806.40,6,B
09:19:57,1806.40,1,B
09:19:57,1806.40,1,B
09:19:57,1806.40,1,B
09:19:57,1806.40,3,B
09:19:56,1806.90,1,M
09:19:56,1806.90,1,M
09:19:56,1806.40,2,B
09:19:56,1806.40,1,B
09:19:56,1806.50,1,B
09:19:56,1807.00,1,M
09:19:56,1806.40,2,B
09:19:56,1806.50,1,B
09:19:56,1806.50,7,B
09:19:56,1806.50,1,B
09:19:56,1806.50,3,B
09:19:56,1806.50,1,B
09:19:56,1806.50,18,B
09:19:56,1806.50,1,B
09:19:56,1806.60,1,B
09:19:56,1806.60,1,B
09:19:55,1806.50,9,B
09:19:55,1806.60,1,B
09:19:55,1806.60,1,B
09:19:55,1806.90,1,B
09:19:55,1807.00,1,B
09:19:55,1807.00,2,B
09:19:55,1807.30,27,B
09:19:55,1807.30,1,B
09:19:55,1807.30,1,B
09:19:55,1807.50,2,B
09:19:55,1807.50,1,B
09:19:55,1807.50,1,B
09:19:55,1807.50,1,B
09:19:55,1807.90,1,M
09:19:54,1807.60,1,B
09:19:53,1808.10,1,M
09:19:53,1807.70,1,B
09:19:53,1808.10,4,B
09:19:52,1808.10,1,M
09:19:52,1808.00,4,B
09:19:52,1808.00,1,B
09:19:52,1808.00,50,B
09:19:52,1808.00,2,B
09:19:52,1808.10,1,B
09:19:51,1808.50,1,M
09:19:51,1808.10,1,B
09:19:51,1808.10,1,M
09:19:51,1808.10,1,M
09:19:51,1808.10,1,B
09:19:51,1808.10,1,B
09:19:51,1808.70,3,M
09:19:51,1808.60,1,M
09:19:51,1808.60,2,M
09:19:51,1808.60,2,M
09:19:51,1808.60,2,M
09:19:51,1808.10,2,M
09:19:51,1808.10,1,M
09:19:51,1808.10,1,M
09:19:51,1808.10,1,M
09:19:48,1808.10,1,B
09:19:48,1808.20,1,B
09:19:47,1808.60,2,M
09:19:47,1808.60,1,M
09:19:47,1808.60,1,M
09:19:47,1808.10,1,B
09:19:47,1808.10,1,M
09:19:47,1808.10,1,M
09:19:47,1808.10,1,M
09:19:47,1808.70,1,M
09:19:47,1808.40,1,M
09:19:47,1808.30,1,M
09:19:47,1808.20,1,M
09:19:47,1808.20,1,M
09:19:46,1808.10,28,B
09:19:46,1808.10,1,M
09:19:46,1808.10,1,M
09:19:46,1808.10,1,M
09:19:46,1808.10,1,M
09:19:46,1808.10,1,M
09:19:46,1808.10,1,M
09:19:46,1808.00,1,M
09:19:46,1808.00,1,M
09:19:46,1808.00,5,B
09:19:46,1808.00,1,B
09:19:46,1808.00,1,B
09:19:46,1808.00,1,B
09:19:45,1808.00,1,M
09:19:45,1808.00,1,M
09:19:45,1807.90,1,B
09:19:45,1808.00,1,M
09:19:45,1807.90,1,B
09:19:45,1807.80,1,B
09:19:44,1808.10,2,B
09:19:44,1808.10,1,B
09:19:43,1808.00,10,M
09:19:43,1807.90,10,M
09:19:43,1807.90,10,M
09:19:43,1807.90,1,M
09:19:43,1807.80,1,M
09:19:43,1807.80,13,B
09:19:43,1807.80,1,B
09:19:42,1807.80,1,M
09:19:42,1807.70,13,B
09:19:42,1807.70,10,M
09:19:42,1807.60,8,M
09:19:42,1807.50,1,M
09:19:42,1807.50,1,M
09:19:42,1807.50,1,M
09:19:42,1807.40,5,B
09:19:42,1807.40,15,B
09:19:42,1807.50,1,M
09:19:41,1807.50,1,M
09:19:41,1807.60,1,M
09:19:41,1807.50,1,M
09:19:41,1807.50,5,B
09:19:41,1807.60,1,M
09:19:41,1807.50,1,B
09:19:41,1807.50,1,M
09:19:41,1807.50,1,M
09:19:41,1807.50,2,M
09:19:41,1807.50,1,M
09:19:41,1807.30,1,B
09:19:41,1807.30,1,B
09:19:40,1807.50,1,M
09:19:40,1807.40,1,B
09:19:40,1807.50,1,M
09:19:40,1807.50,1,M
09:19:40,1807.50,1,M
09:19:39,1807.50,1,M
09:19:39,1807.20,2,B
09:19:39,1807.00,1,M
09:19:39,1807.00,4,M
09:19:39,1807.00,1,M
09:19:39,1806.60,1,M
09:19:39,1806.60,1,M
09:19:39,1806.60,1,M
09:19:39,1806.60,1,M
09:19:38,1806.60,1,M
09:19:38,1806.60,1,B
09:19:38,1806.60,1,B
09:19:37,1806.60,1,B
09:19:37,1806.50,1,B
09:19:37,1807.10,1,M
09:19:37,1806.50,1,B
09:19:37,1807.00,1,B
09:19:37,1807.10,1,M
09:19:37,1807.20,1,B
09:19:36,1807.10,1,B
09:19:36,1808.00,1,M
09:19:36,1807.90,1,M
09:19:36,1807.00,1,M
09:19:36,1807.00,1,M
09:19:36,1806.60,2,M
09:19:36,1806.50,1,M
09:19:36,1806.50,8,M
09:19:35,1806.50,2,M
09:19:35,1806.50,1,M
09:19:35,1806.20,1,B
09:19:35,1806.20,1,B
09:19:35,1806.60,13,M
09:19:35,1806.60,1,M
09:19:35,1806.60,2,M
09:19:35,1806.60,1,M
09:19:35,1806.60,1,M
09:19:35,1806.60,1,M
09:19:35,1806.60,3,M
09:19:35,1806.50,1,M
09:19:35,1806.40,3,M
09:19:35,1806.20,1,M
09:19:35,1806.20,1,M
09:19:35,1805.70,1,M
09:19:35,1805.70,1,M
09:19:35,1805.70,1,B
09:19:34,1805.70,2,B
09:19:34,1805.70,6,B
09:19:34,1805.80,12,B
09:19:34,1805.70,2,B
09:19:34,1805.70,1,B
09:19:34,1805.70,1,B
09:19:34,1805.70,1,B
09:19:34,1805.80,1,B
09:19:34,1805.80,1,B
09:19:34,1805.80,1,B
09:19:34,1805.70,1,B
09:19:34,1805.70,1,B
09:19:34,1805.70,1,B
09:19:34,1805.70,1,B
09:19:34,1806.30,1,M
09:19:34,1805.70,9,B
09:19:34,1806.00,2,B
09:19:34,1806.10,1,B
09:19:33,1805.70,1,B
09:19:33,1805.80,6,B
09:19:33,1805.80,1,B
09:19:33,1805.80,1,B
09:19:33,1806.00,3,B
09:19:33,1806.00,1,B
09:19:33,1806.00,3,B
09:19:33,1806.00,1,B
09:19:33,1806.00,5,B
09:19:33,1806.00,1,B
09:19:33,1806.10,1,B
09:19:33,1806.00,5,B
09:19:33,1806.00,1,B
09:19:33,1806.00,5,B
09:19:33,1806.00,1,B
09:19:33,1806.10,1,B
09:19:33,1806.10,1,B
09:19:33,1806.10,1,B
09:19:33,1806.20,3,B
09:19:33,1806.20,1,B
09:19:33,1806.20,2,B
09:19:33,1806.30,1,B
09:19:33,1806.60,1,M
09:19:32,1806.60,10,M
09:19:32,1807.10,1,M
09:19:32,1806.20,4,B
09:19:32,1806.20,8,B
09:19:32,1806.60,1,B
09:19:32,1806.60,8,B
09:19:32,1806.60,1,B
09:19:32,1806.60,1,B
09:19:32,1806.60,2,B
09:19:32,1806.60,1,B
09:19:32,1806.60,2,B
09:19:32,1806.60,1,B
09:19:32,1806.60,2,B
09:19:32,1806.60,1,B
09:19:31,1806.60,19,B
09:19:31,1806.70,1,B
09:19:31,1807.00,5,B
09:19:31,1807.00,2,B
09:19:31,1807.00,1,B
09:19:31,1807.00,1,B
09:19:31,1807.00,1,B
09:19:31,1807.00,2,B
09:19:31,1807.00,2,B
09:19:31,1807.00,2,B
09:19:31,1807.00,1,B
09:19:31,1807.00,5,B
09:19:31,1807.00,1,B
09:19:31,1807.10,1,B
09:19:31,1807.10,1,B
09:19:31,1807.20,1,B
09:19:31,1807.20,3,B
09:19:31,1807.20,1,B
09:19:31,1807.20,4,B
09:19:31,1807.20,3,B
09:19:30,1807.20,15,B
09:19:30,1807.20,1,B
09:19:30,1807.20,1,B
09:19:30,1807.20,1,B
09:19:30,1807.30,3,B
09:19:30,1807.30,8,B
09:19:30,1807.30,1,B
09:19:30,1807.40,1,M
09:19:30,1807.30,1,B
09:19:30,1807.30,1,B
09:19:30,1807.40,1,B
09:19:30,1808.00,1,B
09:19:30,1808.10,2,B
09:19:30,1808.10,1,B
09:19:30,1808.10,1,B
09:19:30,1808.30,1,M
09:19:29,1808.00,1,B
09:19:29,1808.00,2,B
09:19:29,1808.00,1,B
09:19:29,1807.50,1,B
09:19:29,1807.50,1,B
09:19:29,1807.50,1,B
09:19:29,1807.50,1,B
09:19:29,1807.50,1,B
09:19:29,1807.50,1,B
09:19:29,1807.50,1,B
09:19:29,1807.50,2,B
09:19:28,1807.50,1,B
09:19:28,1807.50,1,B
09:19:28,1807.60,3,B
09:19:28,1808.00,1,B
09:19:28,1808.30,1,M
09:19:28,1808.10,1,B
09:19:28,1808.20,19,B
09:19:28,1808.20,1,B
09:19:27,1808.40,1,M
09:19:27,1808.30,4,B
09:19:27,1808.40,1,M
09:19:26,1808.50,1,M
09:19:26,1808.20,4,B
09:19:26,1808.50,1,M
09:19:26,1808.20,1,B
09:19:26,1808.20,2,B
09:19:26,1808.20,1,B
09:19:26,1808.20,1,B
09:19:26,1808.20,1,B
09:19:26,1808.20,2,B
09:19:25,1808.50,9,M
09:19:25,1808.40,1,M
09:19:25,1808.20,1,B
09:19:25,1808.70,1,B
09:19:25,1808.70,3,B
09:19:25,1808.70,1,B
09:19:25,1808.70,1,B
09:19:25,1808.70,3,M
09:19:25,1808.70,1,M
09:19:25,1808.70,1,M
09:19:25,1808.70,4,M
09:19:25,1808.70,10,M
09:19:25,1808.70,1,M
09:19:25,1808.70,4,M
09:19:25,1808.70,7,M
09:19:25,1808.70,4,M
09:19:25,1808.60,4,M
09:19:25,1808.50,2,M
09:19:25,1807.90,1,M
09:19:25,1807.90,2,M
09:19:25,1807.20,21,B
09:19:25,1807.20,9,B
09:19:25,1807.20,1,B
09:19:25,1807.30,1,B
09:19:24,1808.60,6,M
09:19:24,1808.60,10,M
09:19:24,1808.10,1,M
09:19:24,1808.00,1,M
09:19:24,1808.00,2,M
09:19:24,1808.00,2,M
09:19:24,1808.00,1,M
09:19:24,1808.00,1,M
09:19:24,1808.00,4,M
09:19:24,1808.00,1,M
09:19:24,1808.00,1,M
09:19:24,1807.20,28,B
09:19:24,1807.30,1,B
09:19:24,1807.50,1,B
09:19:24,1807.50,1,B
09:19:24,1807.50,6,B
09:19:24,1808.00,1,M
09:19:24,1807.50,1,B
09:19:24,1807.50,1,B
09:19:24,1807.50,1,B
09:19:24,1807.50,1,B
09:19:24,1807.50,1,B
09:19:24,1807.50,1,B
09:19:24,1807.60,1,B
09:19:24,1807.60,1,B
09:19:23,1808.00,1,M
09:19:23,1807.50,1,B
09:19:23,1807.70,1,B
09:19:23,1807.50,1,B
09:19:23,1807.50,2,B
09:19:23,1807.50,4,B
09:19:23,1807.60,10,B
09:19:23,1808.20,2,B
09:19:23,1808.10,1,M
09:19:23,1807.40,1,B
09:19:23,1807.40,3,B
09:19:23,1807.40,2,B
09:19:23,1808.20,1,B
09:19:22,1808.70,35,B
09:19:22,1808.80,2,M
09:19:22,1808.70,7,B
09:19:22,1808.70,1,B
09:19:22,1808.70,1,M
09:19:22,1808.20,1,M
09:19:22,1808.10,2,M
09:19:22,1808.00,1,M
09:19:22,1808.00,2,M
09:19:22,1807.20,10,B
09:19:22,1807.50,1,B
09:19:22,1807.60,3,B
09:19:22,1807.70,1,B
09:19:22,1808.00,10,B
09:19:22,1808.00,5,B
09:19:22,1808.20,2,M
09:19:22,1808.10,10,B
09:19:22,1808.10,1,B
09:19:22,1808.10,1,B
09:19:22,1808.10,50,B
09:19:22,1808.10,2,B
09:19:22,1808.20,1,B
09:19:22,1808.20,6,B
09:19:22,1808.20,1,B
09:19:21,1808.20,1,B
09:19:21,1808.20,1,B
09:19:21,1808.70,1,M
09:19:21,1808.20,1,B
09:19:21,1808.30,2,B
09:19:20,1808.80,1,M
09:19:20,1808.80,1,M
09:19:20,1808.80,1,M
09:19:20,1808.30,2,B
09:19:20,1808.80,1,M
09:19:20,1808.80,2,M
09:19:20,1808.70,2,M
09:19:20,1808.80,1,M
09:19:19,1808.80,5,M
09:19:19,1808.80,1,M
09:19:19,1808.80,1,M
09:19:19,1808.40,1,M
09:19:19,1808.40,1,M
09:19:19,1808.30,1,B
09:19:18,1808.40,1,B
09:19:18,1808.80,15,B
09:19:18,1808.80,1,B
09:19:18,1808.80,2,B
09:19:18,1808.80,1,B
09:19:18,1808.80,2,B
09:19:18,1808.80,2,B
09:19:18,1808.80,1,B
09:19:18,1808.80,2,B
09:19:17,1808.80,1,M
09:19:17,1808.80,1,M
09:19:17,1808.80,1,M
09:19:17,1808.70,10,B
09:19:17,1808.70,2,B
09:19:17,1808.90,1,B
09:19:16,1808.80,2,B
09:19:16,1809.40,18,B
09:19:16,1809.40,1,M
09:19:16,1808.90,1,M
09:19:16,1808.90,1,B
09:19:15,1809.40,27,B
09:19:15,1809.40,1,B
09:19:14,1809.40,1,B
09:19:14,1809.40,1,B
09:19:14,1809.40,2,M
09:19:14,1809.40,1,M
09:19:14,1808.80,17,M
09:19:14,1809.10,8,B
09:19:14,1809.10,1,M
09:19:14,1808.90,1,M
09:19:14,1808.80,1,B
09:19:13,1808.90,1,M
09:19:13,1809.10,1,M
09:19:13,1809.10,1,M
09:19:13,1809.00,5,B
09:19:13,1808.20,14,B
09:19:13,1808.50,10,B
09:19:13,1808.60,2,B
09:19:13,1808.70,3,B
09:19:13,1808.70,1,B
09:19:13,1809.50,2,M
09:19:13,1809.50,12,M
09:19:13,1809.40,3,M
09:19:13,1809.40,2,M
09:19:13,1809.30,1,M
09:19:12,1809.10,1,B
09:19:12,1809.10,1,B
09:19:12,1809.10,1,B
09:19:12,1809.10,1,B
09:19:12,1809.10,1,B
09:19:12,1809.60,1,M
09:19:12,1809.60,1,M
09:19:12,1809.40,1,B
09:19:11,1809.60,3,B
09:19:11,1809.60,1,B
09:19:11,1809.70,2,B
09:19:11,1810.00,1,B
09:19:10,1810.00,1,B
09:19:10,1810.10,1,B
09:19:10,1810.10,2,B
09:19:10,1809.60,26,B
09:19:10,1809.70,3,B
09:19:10,1809.80,1,B
09:19:10,1809.80,1,B
09:19:10,1810.30,1,M
09:19:10,1810.30,1,M
09:19:09,1810.30,2,M
09:19:09,1810.30,17,M
09:19:09,1810.30,12,M
09:19:09,1810.20,2,M
09:19:09,1810.20,2,M
09:19:09,1809.70,1,B
09:19:09,1809.80,2,B
09:19:08,1810.30,1,B
09:19:08,1810.30,1,B
09:19:08,1810.30,5,B
09:19:08,1810.40,1,B
09:19:08,1810.70,1,M
09:19:08,1810.70,1,M
09:19:08,1810.60,1,B
09:19:08,1810.50,2,B
09:19:08,1810.60,3,B
09:19:08,1810.80,1,M
09:19:07,1810.70,1,B
09:19:07,1810.70,1,B
09:19:07,1811.50,40,B
09:19:07,1811.50,1,B
09:19:06,1811.50,1,B
09:19:06,1811.50,1,B
09:19:06,1811.50,3,M
09:19:06,1811.40,3,M
09:19:06,1811.30,1,M
09:19:06,1811.40,2,M
09:19:06,1810.30,4,B
09:19:06,1810.40,1,B
09:19:06,1810.60,1,B
09:19:06,1811.10,2,B
09:19:06,1811.10,1,B
09:19:06,1811.20,3,B
09:19:06,1811.20,1,B
09:19:06,1811.20,1,B
09:19:06,1811.50,2,M
09:19:06,1811.40,4,B
09:19:06,1811.40,4,B
09:19:05,1811.50,5,M
09:19:05,1811.20,1,B
09:19:05,1811.60,1,B
09:19:05,1811.70,10,M
09:19:05,1811.70,1,M
09:19:05,1811.70,1,M
09:19:05,1811.20,1,B
09:19:05,1811.20,2,B
09:19:05,1811.40,1,M
09:19:04,1811.60,1,M
09:19:04,1811.60,1,M
09:19:04,1811.60,1,M
09:19:04,1811.50,2,M
09:19:04,1811.40,1,M
09:19:03,1811.70,1,M
09:19:03,1811.60,2,M
09:19:03,1811.50,1,M
09:19:03,1811.50,1,M
09:19:03,1810.30,1,B
09:19:03,1810.30,10,B
09:19:03,1810.40,10,B
09:19:03,1810.40,25,B
09:19:03,1810.60,1,B
09:19:03,1810.60,10,B
09:19:03,1810.70,10,B
09:19:03,1810.70,2,B
09:19:03,1810.80,1,B
09:19:03,1810.80,1,B
09:19:03,1810.80,1,B
09:19:03,1810.90,1,B
09:19:03,1810.90,1,B
09:19:03,1810.90,1,B
09:19:03,1811.00,1,B
09:19:03,1811.60,1,M
09:19:02,1810.90,1,B
09:19:02,1810.90,1,B
09:19:02,1811.20,1,B
09:19:02,1811.10,1,B
09:19:02,1811.30,1,B
09:19:02,1811.30,1,B
09:19:02,1811.70,2,M
09:19:02,1811.70,2,M
09:19:02,1811.70,2,M
09:19:02,1811.70,1,M
09:19:02,1811.70,1,M
09:19:02,1811.60,2,M
09:19:02,1811.30,1,B
09:19:02,1811.60,3,M
09:19:02,1811.60,1,M
09:19:02,1811.60,3,M
09:19:02,1811.60,1,M
09:19:02,1811.60,1,M
09:19:01,1811.30,1,M
09:19:01,1811.40,1,M
09:19:01,1811.00,1,B
09:19:01,1811.70,1,M
09:19:01,1811.70,8,M
09:19:01,1811.60,1,M
09:19:01,1811.60,1,M
09:19:01,1811.30,1,M
09:19:01,1811.60,2,M
09:19:01,1811.40,1,M
09:19:01,1810.70,1,B
09:19:01,1810.70,2,B
09:19:01,1811.70,1,M
09:19:01,1811.60,1,M
09:19:01,1811.50,1,M
09:19:01,1811.50,1,M
09:19:01,1811.50,1,M
09:19:01,1810.80,1,M
09:19:01,1810.70,1,M
09:19:01,1810.70,5,B
09:19:01,1810.70,1,B
09:19:00,1810.70,1,B
09:19:00,1811.70,1,M
09:19:00,1811.60,1,M
09:19:00,1811.60,1,M
09:19:00,1810.70,3,B
09:19:00,1810.70,1,B
09:19:00,1810.70,1,B
09:19:00,1810.70,1,B
09:19:00,1810.70,1,B
09:19:00,1810.80,1,B
09:19:00,1810.80,1,B
09:19:00,1810.80,1,B
09:19:00,1810.80,1,B
09:19:00,1810.70,1,B
09:19:00,1811.80,1,M
09:19:00,1811.80,2,M
09:19:00,1811.80,1,M
09:19:00,1811.70,1,M
09:19:00,1811.70,1,M
09:19:00,1811.80,1,M
09:19:00,1811.80,1,M
09:19:00,1811.80,1,M
09:19:00,1811.80,3,M
09:19:00,1811.80,1,M
09:19:00,1811.80,2,M
09:19:00,1811.70,1,M
09:18:59,1811.80,2,M
09:18:58,1810.50,1,B
09:18:58,1811.00,1,B
09:18:58,1810.90,1,M
09:18:58,1812.00,1,M
09:18:58,1812.00,1,M
09:18:58,1812.00,1,M
09:18:58,1812.00,1,M
09:18:58,1811.90,1,M
09:18:58,1811.90,1,M
09:18:58,1811.80,1,M
09:18:58,1811.80,5,M
09:18:58,1811.40,1,M
09:18:58,1811.40,1,M
09:18:58,1811.40,1,M
09:18:58,1811.20,6,M
09:18:58,1811.00,1,M
09:18:58,1810.40,3,M
09:18:58,1810.20,1,B
09:18:58,1810.30,1,B
09:18:58,1810.30,11,B
09:18:58,1810.40,12,M
09:18:57,1810.20,1,M
09:18:57,1810.20,2,M
09:18:57,1810.10,1,M
09:18:57,1810.10,1,M
09:18:57,1810.00,1,M
09:18:57,1810.00,3,M
09:18:57,1810.00,2,M
09:18:57,1810.00,1,M
09:18:57,1809.90,17,M
09:18:57,1809.90,8,M
09:18:57,1809.80,1,B
09:18:57,1809.80,11,B
09:18:56,1809.80,1,M
09:18:56,1809.70,2,M
09:18:56,1809.70,4,M
09:18:56,1809.70,4,M
09:18:56,1809.60,1,B
09:18:56,1809.60,6,B
09:18:56,1809.60,1,B
09:18:56,1809.60,3,B
09:18:56,1809.60,3,B
09:18:56,1809.60,4,B
09:18:56,1809.60,3,B
09:18:56,1809.60,2,B
09:18:56,1809.60,2,B
09:18:56,1809.60,1,B
09:18:56,1809.70,1,M
09:18:56,1809.70,2,M
09:18:56,1809.70,1,M
09:18:55,1809.70,3,M
09:18:55,1809.60,1,B
09:18:55,1809.60,1,B
09:18:55,1809.60,2,B
09:18:54,1809.60,5,B
09:18:54,1809.60,1,B
09:18:54,1809.60,1,B
09:18:54,1809.60,1,B
09:18:54,1809.60,1,B
09:18:54,1809.60,1,B
09:18:53,1809.60,1,B
09:18:53,1809.60,1,B
09:18:52,1809.60,2,B
09:18:52,1809.60,1,B
09:18:51,1809.60,2,B
09:18:51,1809.70,3,M
09:18:50,1809.60,26,B
09:18:50,1809.60,1,M
09:18:50,1809.10,1,B
09:18:49,1809.20,1,B
09:18:49,1809.60,41,B
09:18:49,1809.70,4,M
09:18:49,1809.60,8,M
09:18:49,1809.60,1,M
09:18:49,1809.50,1,M
09:18:47,1809.20,1,B
09:18:47,1809.50,1,B
09:18:47,1809.70,1,M
09:18:47,1809.10,7,B
09:18:47,1809.20,2,B
09:18:47,1809.40,1,B
09:18:47,1810.20,1,M
09:18:47,1810.00,23,B
09:18:47,1810.00,1,M
09:18:47,1810.00,14,M
09:18:47,1809.90,12,M
09:18:46,1809.90,1,B
09:18:46,1809.90,1,B
09:18:46,1809.90,1,B
09:18:46,1810.00,1,M
09:18:46,1810.00,1,M
09:18:46,1809.90,1,B
09:18:46,1810.00,2,B
09:18:46,1810.00,1,B
09:18:46,1810.10,1,B
09:18:46,1810.10,1,B
09:18:46,1810.20,46,B
09:18:46,1810.20,1,B
09:18:45,1810.20,1,B
09:18:45,1810.20,2,B
09:18:45,1810.70,3,B
09:18:45,1810.70,2,B
09:18:45,1811.00,1,B
09:18:45,1811.20,7,B
09:18:44,1811.40,20,M
09:18:44,1811.20,3,B
09:18:44,1811.20,1,B
09:18:44,1811.40,2,M
09:18:44,1811.30,4,B
09:18:44,1811.40,1,B
09:18:44,1811.40,1,B
09:18:44,1811.30,1,B
09:18:43,1811.30,5,B
09:18:43,1811.30,10,B
09:18:43,1811.40,1,B
09:18:43,1811.50,2,B
09:18:43,1811.60,7,B
09:18:43,1812.00,1,M
09:18:43,1812.00,4,M
09:18:43,1812.00,1,M
09:18:43,1811.60,6,B
09:18:43,1811.70,17,B
09:18:43,1811.70,5,B
09:18:43,1811.80,1,B
09:18:43,1811.80,4,B
09:18:43,1811.80,1,B
09:18:43,1811.80,5,B
09:18:43,1812.00,1,M
09:18:42,1812.00,1,M
09:18:42,1812.00,1,M
09:18:42,1811.80,1,B
09:18:42,1812.00,5,M
09:18:42,1811.90,10,B
09:18:42,1811.90,2,B
09:18:42,1812.00,1,B
09:18:42,1812.00,3,B
09:18:42,1812.00,1,B
09:18:42,1812.00,2,B
09:18:42,1812.00,6,B
09:18:42,1812.00,1,B
09:18:42,1812.00,27,B
09:18:42,1812.50,1,M
09:18:41,1812.00,10,B
09:18:41,1812.50,1,M
09:18:41,1812.00,1,B
09:18:41,1812.10,1,B
09:18:41,1812.50,45,B
09:18:41,1812.50,1,B
09:18:41,1812.50,3,B
09:18:41,1812.50,1,M
09:18:41,1812.00,1,B
09:18:41,1812.10,2,B
09:18:41,1812.10,1,B
09:18:41,1812.20,1,B
09:18:40,1812.50,2,B
09:18:40,1812.50,1,B
09:18:39,1812.80,1,M
09:18:39,1812.50,1,B
09:18:39,1812.80,4,M
09:18:39,1812.50,1,B
09:18:39,1812.50,1,B
09:18:39,1812.50,1,B
09:18:39,1812.80,2,M
09:18:39,1812.50,1,M
09:18:39,1812.00,1,B
09:18:39,1812.00,2,B
09:18:38,1812.00,1,B
09:18:38,1812.10,1,B
09:18:38,1812.50,1,B
09:18:38,1812.50,1,B
09:18:38,1812.60,1,B
09:18:38,1812.70,1,B
09:18:38,1812.60,1,B
09:18:38,1812.90,2,M
09:18:38,1813.00,13,M
09:18:38,1813.00,3,M
09:18:38,1813.00,1,M
09:18:38,1813.00,1,M
09:18:38,1813.00,1,M
09:18:38,1812.80,1,M
09:18:38,1812.80,1,M
09:18:38,1812.50,1,M
09:18:38,1812.50,1,M
09:18:38,1812.50,1,M
09:18:38,1812.40,1,M
09:18:38,1812.20,1,M
09:18:38,1812.20,1,M
09:18:38,1812.20,1,M
09:18:38,1812.20,12,M
09:18:38,1812.10,1,M
09:18:38,1812.10,1,M
09:18:38,1812.10,4,M
09:18:38,1812.10,1,M
09:18:38,1812.00,1,M
09:18:38,1812.00,1,M
09:18:38,1812.00,1,M
09:18:38,1811.70,1,B
09:18:38,1811.80,1,B
09:18:37,1811.70,1,B
09:18:37,1811.70,26,B
09:18:37,1811.70,2,B
09:18:37,1811.70,1,B
09:18:37,1811.80,1,B
09:18:37,1811.80,1,B
09:18:37,1812.00,1,M
09:18:37,1811.70,1,B
09:18:37,1811.70,1,B
09:18:37,1811.70,1,B
09:18:37,1812.00,1,M
09:18:37,1812.00,1,M
09:18:36,1812.00,2,M
09:18:36,1812.10,1,M
09:18:36,1812.10,1,M
09:18:36,1811.70,1,B
09:18:36,1812.10,1,M
09:18:36,1812.20,1,M
09:18:36,1811.60,1,B
09:18:36,1811.60,1,B
09:18:36,1811.60,1,B
09:18:36,1812.20,2,M
09:18:36,1812.10,1,M
09:18:36,1812.10,1,M
09:18:36,1812.10,1,M
09:18:36,1812.10,10,M
09:18:36,1812.10,1,M
09:18:36,1812.10,1,M
09:18:36,1812.10,6,M
09:18:35,1811.60,19,B
09:18:35,1811.70,1,B
09:18:35,1811.60,12,B
09:18:35,1811.60,1,B
09:18:35,1812.10,1,M
09:18:35,1811.60,1,B
09:18:35,1811.60,1,B
09:18:35,1811.70,1,B
09:18:34,1812.10,1,M
09:18:34,1811.70,1,B
09:18:34,1812.10,2,M
09:18:34,1811.60,1,B
09:18:34,1811.90,1,M
09:18:34,1811.50,1,B
09:18:33,1811.30,1,B
09:18:33,1812.20,5,M
09:18:33,1812.00,1,M
09:18:33,1812.00,2,M
09:18:33,1812.00,6,M
09:18:33,1812.00,3,M
09:18:33,1812.00,1,M
09:18:33,1812.00,2,M
09:18:33,1812.00,1,M
09:18:33,1812.00,1,M
09:18:33,1812.00,1,M
09:18:33,1811.90,1,M
09:18:33,1811.90,1,M
09:18:33,1811.60,3,M
09:18:33,1811.30,1,M
09:18:33,1811.30,1,M
09:18:33,1811.20,1,M
09:18:32,1811.20,1,M
09:18:32,1811.20,2,M
09:18:32,1811.00,1,M
09:18:32,1811.00,12,M
09:18:32,1811.00,2,M
09:18:32,1811.00,1,M
09:18:32,1811.00,1,M
09:18:32,1811.00,1,M
09:18:32,1811.00,1,M
09:18:32,1811.00,1,M
09:18:32,1811.00,1,M
09:18:32,1811.00,1,M
09:18:32,1811.00,1,M
09:18:32,1811.00,1,M
09:18:31,1811.00,1,M
09:18:31,1811.00,1,M
09:18:31,1811.00,1,M
09:18:31,1811.00,1,M
09:18:31,1810.80,1,M
09:18:31,1810.70,2,M
09:18:31,1810.70,1,M
09:18:31,1810.70,2,M
09:18:31,1810.70,2,M
09:18:31,1810.20,1,B
09:18:31,1810.70,1,M
09:18:31,1810.30,1,M
09:18:31,1810.20,2,M
09:18:31,1810.20,2,M
09:18:31,1810.00,1,M
09:18:31,1810.00,3,M
09:18:31,1810.00,1,M
09:18:31,1810.00,3,M
09:18:31,1809.90,1,M
09:18:30,1809.90,1,M
09:18:30,1809.40,1,B
09:18:30,1810.00,1,M
09:18:30,1810.00,1,M
09:18:30,1810.00,4,M
09:18:30,1810.00,2,M
09:18:30,1810.00,1,M
09:18:30,1810.00,1,M
09:18:30,1810.00,1,M
09:18:30,1810.00,2,M
09:18:30,1810.00,1,M
09:18:30,1810.00,2,M
09:18:30,1810.00,2,M
09:18:30,1810.00,4,M
09:18:30,1810.00,1,M
09:18:30,1810.00,3,M
09:18:30,1810.00,1,M
09:18:30,1810.00,1,M
09:18:30,1810.00,22,M
09:18:30,1810.00,1,M
09:18:30,1810.00,1,M
09:18:30,1810.00,2,M
09:18:30,1810.00,1,M
09:18:30,1810.00,1,M
09:18:30,1810.00,2,M
09:18:29,1810.00,13,M
09:18:29,1809.90,1,M
09:18:29,1809.60,1,M
09:18:29,1809.50,1,B
09:18:29,1809.50,1,B
09:18:29,1809.90,1,M
09:18:29,1809.80,1,M
09:18:29,1809.90,2,M
09:18:29,1810.00,2,M
09:18:29,1810.00,1,M
09:18:29,1810.00,2,M
09:18:29,1809.40,1,B
09:18:28,1810.00,28,M
09:18:28,1809.90,1,M
09:18:28,1809.80,1,M
09:18:28,1809.90,1,M
09:18:28,1809.20,1,B
09:18:28,1810.00,11,M
09:18:28,1809.80,1,M
09:18:28,1809.80,5,M
09:18:28,1809.70,2,M
09:18:28,1809.60,1,M
09:18:28,1809.70,1,M
09:18:27,1808.50,1,B
09:18:27,1809.00,10,B
09:18:27,1809.80,1,M
09:18:27,1809.80,2,M
09:18:27,1809.80,1,M
09:18:27,1809.80,1,M
09:18:27,1809.50,1,M
09:18:26,1810.00,1,M
09:18:26,1810.00,1,M
09:18:26,1810.00,11,M
09:18:26,1810.00,1,M
09:18:26,1810.00,5,M
09:18:26,1810.00,1,M
09:18:26,1810.00,1,M
09:18:26,1810.00,5,M
09:18:26,1810.00,1,M
09:18:26,1810.00,1,M
09:18:26,1809.90,1,M
09:18:26,1809.90,2,M
09:18:26,1809.50,4,M
09:18:26,1809.40,1,M
09:18:26,1809.40,1,M
09:18:26,1809.30,5,M
09:18:26,1809.20,1,M
09:18:26,1809.20,1,M
09:18:26,1809.10,3,M
09:18:26,1809.10,1,M
09:18:26,1809.00,3,M
09:18:26,1808.80,1,M
09:18:26,1808.80,1,M
09:18:25,1808.30,1,B
09:18:25,1808.80,1,M
09:18:25,1808.70,1,M
09:18:25,1808.40,1,B
09:18:25,1808.50,1,M
09:18:25,1808.50,1,M
09:18:24,1808.40,1,B
09:18:24,1808.40,1,B
09:18:24,1808.20,8,M
09:18:24,1808.20,1,M
09:18:24,1808.20,1,M
09:18:24,1807.90,7,M
09:18:24,1807.90,1,M
09:18:24,1807.90,3,M
09:18:24,1807.90,1,M
09:18:23,1807.90,1,M
09:18:23,1807.90,7,M
09:18:23,1807.70,1,M
09:18:23,1807.60,10,M
09:18:23,1807.50,1,M
09:18:23,1807.50,1,M
09:18:23,1807.40,8,M
09:18:23,1807.30,2,M
09:18:23,1807.30,3,M
09:18:23,1807.20,1,B
09:18:23,1807.20,1,B
09:18:22,1807.20,2,M
09:18:22,1807.00,1,M
09:18:22,1807.00,13,M
09:18:22,1806.90,9,M
09:18:22,1806.90,1,M
09:18:22,1807.00,25,M
09:18:22,1807.00,20,M
09:18:22,1807.00,12,M
09:18:21,1807.00,17,M
09:18:21,1806.70,1,M
09:18:21,1806.70,1,M
09:18:21,1806.70,1,M
09:18:21,1806.60,2,B
09:18:20,1806.60,1,M
09:18:20,1806.60,9,M
09:18:19,1806.50,1,B
09:18:19,1806.50,1,B
09:18:19,1806.50,1,B
09:18:19,1806.40,2,B
09:18:19,1806.60,1,M
09:18:19,1806.60,1,M
09:18:18,1806.60,1,M
09:18:18,1806.60,1,M
09:18:18,1806.60,1,M
09:18:18,1806.60,1,M
09:18:18,1806.60,1,M
09:18:18,1806.60,1,M
09:18:17,1806.40,1,B
09:18:17,1806.60,1,M
09:18:17,1806.60,1,M
09:18:17,1806.60,1,M
09:18:17,1806.60,1,M
09:18:16,1806.60,1,M
09:18:16,1806.60,1,M
09:18:16,1806.50,1,M
09:18:16,1806.20,1,B
09:18:16,1806.30,1,B
09:18:15,1806.40,1,M
09:18:15,1806.30,1,M
09:18:15,1806.60,7,M
09:18:15,1806.60,2,M
09:18:15,1806.00,5,M
09:18:14,1805.80,1,B
09:18:14,1806.50,2,M
09:18:14,1806.20,1,M
09:18:14,1806.10,2,M
09:18:13,1805.60,1,B
09:18:13,1805.60,1,B
09:18:13,1805.60,1,B
09:18:13,1806.10,1,M
09:18:13,1806.10,1,M
09:18:13,1806.10,1,M
09:18:13,1806.10,1,M
09:18:12,1806.10,1,M
09:18:12,1806.10,1,M
09:18:12,1805.60,1,B
09:18:12,1805.60,1,B
09:18:12,1805.70,1,B
09:18:12,1806.00,1,B
09:18:12,1806.50,1,M
09:18:12,1806.50,1,M
09:18:12,1806.50,1,M
09:18:11,1806.50,3,M
09:18:11,1806.50,10,M
09:18:11,1806.40,1,M
09:18:11,1806.40,3,M
09:18:11,1806.30,10,M
09:18:11,1806.20,2,M
09:18:11,1806.20,1,M
09:18:10,1806.00,1,M
09:18:10,1805.60,1,M
09:18:09,1805.60,1,B
09:18:09,1805.60,1,B
09:18:09,1805.30,1,B
09:18:09,1805.40,3,B
09:18:09,1805.70,1,B
09:18:09,1806.20,1,M
09:18:09,1806.10,2,M
09:18:09,1805.40,1,B
09:18:09,1805.60,1,B
09:18:09,1805.60,4,B
09:18:09,1805.70,2,B
09:18:08,1805.60,1,B
09:18:08,1806.00,4,B
09:18:08,1806.00,1,M
09:18:08,1805.90,3,M
09:18:08,1805.70,1,B
09:18:08,1805.70,1,B
09:18:08,1805.80,1,M
09:18:08,1805.80,1,M
09:18:08,1805.70,1,M
09:18:08,1805.60,1,B
09:18:08,1805.60,1,B
09:18:08,1805.70,1,M
09:18:08,1805.60,1,B
09:18:08,1805.60,1,B
09:18:08,1805.70,1,M
09:18:08,1805.60,1,B
09:18:08,1805.60,3,B
09:18:08,1805.60,6,M
09:18:08,1805.50,1,M
09:18:08,1805.40,4,B
09:18:08,1805.40,7,B
09:18:07,1805.60,1,M
09:18:07,1805.40,1,B
09:18:07,1805.50,1,B
09:18:07,1805.60,2,M
09:18:07,1805.60,1,M
09:18:07,1805.40,1,B
09:18:07,1805.40,1,B
09:18:06,1805.70,1,M
09:18:06,1805.50,1,M
09:18:05,1805.50,2,M
09:18:05,1805.50,1,M
09:18:05,1805.40,21,B
09:18:05,1805.40,4,B
09:18:05,1805.50,2,B
09:18:05,1805.60,1,B
09:18:05,1805.00,3,B
09:18:05,1805.00,5,B
09:18:05,1805.00,1,B
09:18:05,1805.00,1,B
09:18:05,1805.00,1,B
09:18:05,1805.00,1,B
09:18:05,1805.00,1,B
09:18:05,1805.00,15,B
09:18:05,1805.10,2,B
09:18:05,1805.80,1,M
09:18:05,1805.00,5,B
09:18:05,1805.40,25,B
09:18:04,1805.00,20,B
09:18:04,1805.00,2,B
09:18:04,1805.00,1,B
09:18:04,1805.00,2,B
09:18:04,1805.00,3,B
09:18:04,1805.00,1,B
09:18:04,1805.00,1,B
09:18:04,1805.00,3,B
09:18:04,1805.00,1,B
09:18:04,1805.00,1,B
09:18:04,1805.00,2,B
09:18:04,1805.00,1,B
09:18:04,1805.00,1,B
09:18:04,1805.10,1,B
09:18:04,1805.10,1,B
09:18:04,1805.10,3,B
09:18:04,1805.10,1,B
09:18:04,1805.10,1,B
09:18:04,1805.10,1,B
09:18:04,1805.20,3,B
09:18:04,1805.10,2,B
09:18:04,1805.10,3,B
09:18:04,1805.10,1,B
09:18:04,1805.10,1,B
09:18:04,1805.10,3,B
09:18:04,1805.10,2,B
09:18:04,1805.10,13,B
09:18:04,1805.10,10,B
09:18:04,1805.20,1,B
09:18:04,1805.40,10,B
09:18:04,1805.40,1,B
09:18:04,1805.40,1,B
09:18:04,1805.40,1,B
09:18:04,1805.50,3,B
09:18:04,1805.50,1,B
09:18:04,1806.00,1,M
09:18:04,1805.90,1,M
09:18:03,1805.10,14,B
09:18:03,1805.20,3,B
09:18:03,1805.30,1,B
09:18:03,1805.30,1,B
09:18:03,1805.30,3,B
09:18:03,1806.00,1,B
09:18:03,1806.00,2,B
09:18:03,1806.00,1,B
09:18:03,1806.10,1,M
09:18:03,1805.30,4,B
09:18:03,1805.30,7,B
09:18:03,1805.40,1,B
09:18:03,1806.00,1,M
09:18:03,1806.00,1,B
09:18:03,1806.10,1,M
09:18:03,1806.00,1,M
09:18:03,1805.50,1,B
09:18:03,1805.50,1,B
09:18:03,1806.00,2,M
09:18:03,1806.00,2,M
09:18:03,1805.40,5,B
09:18:03,1805.50,1,B
09:18:03,1806.00,5,B
09:18:03,1806.00,2,B
09:18:03,1806.00,6,B
09:18:03,1806.00,6,B
09:18:03,1806.00,1,M
09:18:03,1805.90,1,M
09:18:03,1805.90,2,M
09:18:03,1805.40,5,B
09:18:02,1806.00,1,B
09:18:02,1806.00,1,B
09:18:02,1806.40,1,B
09:18:02,1806.40,4,B
09:18:02,1806.40,1,M
09:18:02,1806.40,1,M
09:18:02,1806.40,1,M
09:18:02,1806.00,1,B
09:18:01,1806.00,1,B
09:18:01,1806.00,1,B
09:18:01,1805.30,8,B
09:18:01,1805.30,1,B
09:18:01,1805.30,2,B
09:18:01,1805.70,1,B
09:18:01,1805.90,2,B
09:18:01,1806.00,1,B
09:18:01,1806.00,1,B
09:18:01,1806.10,2,B
09:18:00,1806.00,1,B
09:18:00,1806.00,1,B
09:18:00,1806.00,1,B
09:18:00,1806.00,1,B
09:18:00,1806.00,3,B
09:18:00,1806.00,6,B
09:18:00,1806.00,1,B
09:18:00,1806.10,6,B
09:18:00,1806.10,2,B
09:18:00,1806.50,1,B
09:18:00,1806.50,2,M
09:18:00,1806.50,2,B
09:17:59,1806.50,3,M
09:17:59,1806.10,1,B
09:17:59,1806.20,1,B
09:17:59,1806.50,1,M
09:17:59,1806.50,1,M
09:17:58,1806.60,1,M
09:17:58,1806.20,1,B
09:17:58,1806.30,1,B
09:17:58,1806.20,1,B
09:17:58,1806.80,1,B
09:17:58,1806.10,7,B
09:17:58,1806.10,1,B
09:17:58,1806.10,1,B
09:17:58,1806.10,2,B
09:17:58,1806.70,1,B
09:17:58,1807.60,1,M
09:17:57,1806.10,1,B
09:17:57,1806.10,1,B
09:17:57,1806.10,1,B
09:17:57,1806.00,1,B
09:17:57,1806.00,1,B
09:17:57,1807.70,1,M
09:17:57,1806.00,1,B
09:17:57,1806.00,9,B
09:17:57,1806.00,1,B
09:17:57,1806.00,10,B
09:17:57,1806.00,1,B
09:17:57,1806.00,1,B
09:17:57,1806.10,1,B
09:17:57,1806.10,1,B
09:17:57,1806.20,1,B
09:17:57,1806.20,5,B
09:17:57,1806.20,2,B
09:17:57,1806.30,1,B
09:17:57,1806.40,4,B
09:17:57,1806.50,7,B
09:17:57,1806.50,1,B
09:17:57,1806.80,1,B
09:17:57,1806.80,1,B
09:17:57,1806.80,1,B
09:17:57,1807.00,5,B
09:17:57,1807.00,2,B
09:17:57,1807.00,3,B
09:17:57,1807.00,2,B
09:17:57,1807.00,2,B
09:17:57,1807.00,1,B
09:17:57,1807.10,1,B
09:17:57,1807.10,1,B
09:17:57,1807.10,1,B
09:17:57,1807.10,1,B
09:17:57,1807.20,1,B
09:17:57,1807.30,5,B
09:17:57,1807.70,1,M
09:17:57,1807.70,1,M
09:17:57,1807.50,1,B
09:17:57,1807.50,2,B
09:17:57,1807.50,2,B
09:17:57,1807.50,1,B
09:17:56,1807.70,7,M
09:17:56,1807.90,3,M
09:17:56,1807.90,2,M
09:17:56,1807.80,3,B
09:17:56,1807.90,1,M
09:17:56,1807.90,1,B
09:17:56,1807.90,22,B
09:17:56,1808.00,1,B
09:17:56,1807.90,22,B
09:17:56,1808.00,1,B
09:17:56,1808.10,1,B
09:17:56,1808.30,1,B
09:17:56,1808.40,1,B
09:17:55,1808.40,1,B
09:17:54,1808.10,1,B
09:17:53,1808.60,1,M
09:17:53,1808.50,2,M
09:17:53,1808.40,1,M
09:17:53,1808.50,1,M
09:17:52,1807.90,4,B
09:17:52,1808.00,1,B
09:17:52,1808.00,1,B
09:17:52,1808.00,1,B
09:17:52,1808.00,1,B
09:17:52,1808.00,4,B
09:17:52,1808.10,2,B
09:17:52,1808.50,1,M
09:17:52,1808.50,1,M
09:17:51,1808.50,1,M
09:17:50,1808.00,1,B
09:17:50,1808.10,1,B
09:17:50,1808.60,2,M
09:17:50,1808.30,8,M
09:17:50,1808.30,1,M
09:17:50,1808.10,1,B
09:17:50,1808.20,1,M
09:17:49,1808.30,1,M
09:17:49,1808.20,1,B
09:17:49,1808.30,1,M
09:17:48,1808.20,2,B
09:17:48,1808.20,1,M
09:17:48,1807.90,1,B
09:17:47,1808.30,1,M
09:17:47,1807.90,1,B
09:17:47,1808.00,1,B
09:17:47,1808.30,1,M
09:17:47,1808.30,1,M
09:17:46,1808.00,2,B
09:17:46,1807.50,4,B
09:17:46,1807.50,1,B
09:17:46,1807.60,2,B
09:17:46,1807.60,86,B
09:17:46,1807.70,1,B
09:17:46,1807.70,1,B
09:17:46,1807.80,1,B
09:17:46,1807.80,1,B
09:17:46,1807.80,2,B
09:17:46,1807.80,1,B
09:17:46,1807.80,1,B
09:17:45,1807.80,1,B
09:17:45,1808.00,1,B
09:17:45,1808.10,1,B
09:17:45,1808.10,1,B
09:17:45,1808.10,1,B
09:17:45,1808.10,1,B
09:17:44,1808.10,1,B
09:17:44,1808.10,1,B
09:17:44,1808.50,2,B
09:17:44,1808.50,1,M
09:17:44,1808.40,7,M
09:17:44,1808.20,19,B
09:17:43,1808.00,30,M
09:17:43,1807.90,1,M
09:17:43,1808.00,1,M
09:17:43,1808.00,2,B
09:17:43,1808.00,1,B
09:17:43,1808.10,1,B
09:17:43,1808.10,6,B
09:17:43,1808.20,1,B
09:17:43,1808.20,1,B
09:17:43,1808.20,1,B
09:17:42,1808.40,20,M
09:17:42,1808.60,1,M
09:17:42,1808.20,1,B
09:17:42,1808.60,1,M
09:17:42,1808.60,1,M
09:17:41,1808.60,1,M
09:17:41,1808.20,1,B
09:17:41,1808.20,1,B
09:17:41,1808.20,1,B
09:17:40,1808.20,2,B
09:17:38,1808.20,1,B
09:17:38,1808.20,1,B
09:17:38,1808.20,1,B
09:17:37,1808.10,1,M
09:17:37,1808.80,5,M
09:17:37,1808.70,3,M
09:17:37,1808.30,1,M
09:17:37,1808.20,1,M
09:17:37,1808.20,2,M
09:17:37,1807.70,1,B
09:17:37,1807.60,1,B
09:17:37,1807.60,1,B
09:17:37,1807.80,1,B
09:17:37,1807.90,1,B
09:17:37,1808.20,1,B
09:17:37,1807.90,1,B
09:17:37,1808.30,1,M
09:17:36,1808.20,1,M
09:17:36,1807.70,1,B
09:17:36,1808.10,1,M
09:17:36,1807.70,1,B
09:17:35,1808.20,1,M
09:17:35,1807.60,1,M
09:17:35,1807.60,1,B
09:17:35,1807.60,1,B
09:17:34,1807.60,1,B
09:17:34,1808.00,5,B
09:17:34,1808.20,1,M
09:17:34,1808.00,1,B
09:17:33,1808.10,10,B
09:17:33,1808.30,1,M
09:17:33,1808.10,1,M
09:17:33,1808.10,1,M
09:17:33,1808.10,1,M
09:17:33,1808.10,1,M
09:17:33,1808.10,4,M
09:17:33,1808.00,1,M
09:17:33,1807.50,20,B
09:17:33,1807.50,5,B
09:17:33,1807.50,1,B
09:17:33,1807.60,1,B
09:17:33,1807.80,1,B
09:17:33,1808.10,1,M
09:17:32,1808.10,1,M
09:17:32,1808.00,25,M
09:17:32,1808.00,2,M
09:17:32,1808.00,16,B
09:17:32,1808.00,1,B
09:17:32,1808.00,2,B
09:17:32,1808.00,1,B
09:17:32,1808.00,3,B
09:17:32,1808.00,1,B
09:17:32,1808.00,1,B
09:17:32,1808.10,2,M
09:17:32,1808.10,1,B
09:17:32,1808.10,2,B
09:17:32,1808.30,4,B
09:17:32,1808.30,1,B
09:17:32,1808.30,1,B
09:17:32,1808.30,2,B
09:17:32,1808.30,4,B
09:17:32,1808.30,2,B
09:17:32,1808.30,1,B
09:17:32,1808.30,5,B
09:17:32,1808.30,1,B
09:17:32,1808.70,1,B
09:17:32,1809.00,14,B
09:17:32,1809.00,1,B
09:17:32,1809.00,1,B
09:17:32,1809.00,4,M
09:17:32,1809.00,2,M
09:17:32,1809.00,2,M
09:17:32,1809.00,4,M
09:17:32,1808.90,1,M
09:17:32,1808.80,1,M
09:17:31,1808.30,26,B
09:17:31,1808.40,1,B
09:17:31,1808.40,1,B
09:17:31,1808.40,1,B
09:17:31,1808.50,1,B
09:17:31,1809.00,1,M
09:17:31,1808.90,1,M
09:17:31,1808.90,1,M
09:17:31,1808.90,1,M
09:17:31,1808.90,1,M
09:17:31,1808.90,1,M
09:17:31,1808.90,1,M
09:17:31,1808.70,1,M
09:17:31,1808.40,1,B
09:17:31,1808.40,1,B
09:17:31,1808.40,1,B
09:17:31,1809.00,1,M
09:17:31,1809.00,2,M
09:17:31,1809.00,2,M
09:17:31,1809.00,5,M
09:17:31,1808.30,3,B
09:17:31,1808.40,8,B
09:17:31,1808.40,1,B
09:17:31,1808.50,1,B
09:17:31,1808.50,1,B
09:17:31,1808.50,1,B
09:17:31,1808.70,2,B
09:17:30,1809.00,1,B
09:17:30,1809.10,2,M
09:17:30,1808.70,1,B
09:17:30,1808.70,2,B
09:17:29,1809.10,4,M
09:17:29,1809.00,1,M
09:17:29,1809.00,1,M
09:17:29,1809.00,1,M
09:17:29,1809.00,1,M
09:17:29,1809.00,2,M
09:17:29,1809.00,1,M
09:17:28,1809.00,1,M
09:17:28,1809.00,3,M
09:17:27,1809.00,1,M
09:17:27,1809.00,2,M
09:17:27,1808.80,2,B
09:17:27,1808.80,1,B
09:17:27,1808.80,1,B
09:17:27,1808.80,6,B
09:17:27,1809.00,2,B
09:17:26,1809.10,2,M
09:17:26,1809.10,1,M
09:17:25,1809.10,3,M
09:17:25,1809.10,1,M
09:17:25,1809.00,5,B
09:17:25,1809.10,1,M
09:17:25,1808.80,14,B
09:17:25,1808.80,3,B
09:17:24,1809.00,1,M
09:17:24,1809.10,1,M
09:17:24,1808.80,1,B
09:17:24,1808.90,1,B
09:17:24,1809.00,5,B
09:17:24,1809.10,5,M
09:17:24,1809.10,1,B
09:17:24,1809.10,2,B
09:17:24,1809.10,4,B
09:17:24,1809.20,4,B
09:17:24,1809.20,9,B
09:17:24,1809.30,1,B
09:17:24,1809.30,1,B
09:17:24,1809.40,2,B
09:17:24,1809.40,1,B
09:17:23,1809.50,2,B
09:17:23,1809.60,10,B
09:17:23,1809.90,1,M
09:17:23,1810.00,3,M
09:17:22,1810.00,5,M
09:17:21,1810.00,1,M
09:17:21,1810.00,1,M
09:17:21,1810.50,1,M
09:17:21,1810.50,1,M
09:17:21,1809.50,1,B
09:17:21,1809.70,1,B
09:17:21,1810.20,1,B
09:17:21,1810.30,2,B
09:17:21,1810.30,3,B
09:17:21,1810.30,15,M
09:17:21,1810.20,2,B
09:17:21,1810.30,3,M
09:17:21,1810.20,1,M
09:17:21,1810.00,1,M
09:17:20,1810.00,2,M
09:17:20,1809.90,2,M
09:17:19,1809.50,2,B
09:17:19,1810.00,1,M
09:17:18,1810.00,10,M
09:17:18,1810.00,1,M
09:17:18,1810.00,20,M
09:17:18,1809.80,1,M
09:17:17,1809.20,1,B
09:17:17,1809.30,1,B
09:17:17,1809.70,1,B
09:17:17,1809.80,1,B
09:17:17,1810.00,9,B
09:17:17,1810.30,7,M
09:17:17,1810.30,23,M
09:17:17,1810.20,1,B
09:17:17,1810.00,1,B
09:17:17,1810.30,1,M
09:17:16,1810.20,1,M
09:17:16,1810.20,10,B
09:17:16,1810.20,2,M
09:17:16,1810.20,1,M
09:17:16,1810.20,1,M
09:17:16,1810.10,1,M
09:17:16,1810.00,1,M
09:17:16,1810.00,1,M
09:17:16,1810.00,3,M
09:17:16,1809.90,1,M
09:17:16,1809.90,2,B
09:17:15,1810.00,1,M
09:17:15,1810.00,4,M
09:17:15,1809.90,1,M
09:17:14,1809.60,1,M
09:17:14,1809.40,1,B
09:17:14,1809.50,1,B
09:17:14,1810.00,1,M
09:17:14,1810.00,1,M
09:17:14,1809.50,1,B
09:17:14,1810.00,19,M
09:17:14,1809.80,1,M
09:17:13,1810.00,1,M
09:17:13,1809.10,1,B
09:17:13,1809.20,1,B
09:17:13,1809.20,1,B
09:17:13,1809.30,2,B
09:17:13,1810.00,19,B
09:17:13,1809.60,6,M
09:17:13,1809.60,1,M
09:17:13,1809.20,1,B
09:17:12,1809.60,1,M
09:17:12,1809.60,1,B
09:17:12,1809.70,1,B
09:17:12,1810.10,1,M
09:17:12,1809.90,1,M
09:17:12,1809.70,1,B
09:17:11,1810.20,1,M
09:17:11,1810.00,1,B
09:17:11,1810.30,6,M
09:17:11,1810.10,1,M
09:17:11,1810.10,1,M
09:17:11,1810.00,1,M
09:17:11,1809.80,10,M
09:17:11,1809.70,1,M
09:17:11,1809.80,1,M
09:17:11,1809.70,1,M
09:17:11,1809.80,2,M
09:17:11,1809.70,1,M
09:17:11,1809.60,2,M
09:17:10,1809.60,1,M
09:17:10,1809.80,1,M
09:17:10,1809.60,1,M
09:17:10,1809.00,1,B
09:17:10,1809.60,1,M
09:17:09,1809.80,5,M
09:17:09,1809.70,2,M
09:17:09,1809.20,1,B
09:17:09,1809.50,1,B
09:17:09,1809.60,1,B
09:17:09,1809.60,9,B
09:17:09,1809.60,1,B
09:17:09,1810.10,1,B
09:17:09,1810.10,1,B
09:17:09,1810.10,1,B
09:17:09,1810.60,2,M
09:17:09,1810.20,1,M
09:17:08,1810.10,2,M
09:17:08,1810.20,1,M
09:17:08,1809.60,1,M
09:17:08,1808.80,2,B
09:17:08,1809.00,1,B
09:17:08,1809.00,1,B
09:17:08,1809.10,2,B
09:17:08,1809.40,1,B
09:17:08,1809.40,18,B
09:17:08,1809.50,1,B
09:17:08,1809.50,10,B
09:17:08,1809.50,9,B
09:17:08,1810.10,1,M
09:17:08,1809.70,1,M
09:17:08,1809.50,1,B
09:17:08,1809.60,1,B
09:17:08,1809.60,1,B
09:17:08,1809.60,1,B
09:17:08,1809.60,3,B
09:17:08,1809.60,2,B
09:17:08,1810.70,1,M
09:17:08,1810.70,1,M
09:17:08,1810.20,1,M
09:17:08,1810.20,1,M
09:17:07,1810.70,3,M
09:17:07,1810.40,1,M
09:17:07,1810.30,1,M
09:17:07,1810.20,3,M
09:17:07,1810.20,2,M
09:17:07,1810.00,1,B
09:17:07,1810.10,1,B
09:17:07,1810.10,1,B
09:17:07,1810.20,1,M
09:17:07,1810.20,1,B
09:17:07,1810.20,1,B
09:17:07,1810.70,1,M
09:17:07,1810.70,1,B
09:17:07,1810.70,5,B
09:17:07,1810.90,2,B
09:17:07,1810.90,1,B
09:17:07,1810.90,2,B
09:17:07,1810.90,1,B
09:17:07,1810.70,15,B
09:17:07,1810.80,5,B
09:17:06,1810.90,5,B
09:17:06,1810.90,1,B
09:17:06,1811.20,3,B
09:17:06,1811.20,1,B
09:17:06,1811.00,1,B
09:17:06,1811.00,1,B
09:17:06,1811.00,7,B
09:17:06,1811.40,1,M
09:17:06,1811.20,1,M
09:17:05,1811.20,1,B
09:17:05,1811.50,1,M
09:17:05,1811.20,1,B
09:17:05,1811.20,1,B
09:17:05,1811.20,1,B
09:17:05,1811.50,1,M
09:17:05,1811.40,10,B
09:17:04,1811.20,1,B
09:17:04,1811.80,1,M
09:17:04,1811.20,1,B
09:17:04,1811.20,1,B
09:17:04,1811.30,3,B
09:17:04,1811.30,2,B
09:17:04,1811.30,1,B
09:17:04,1811.30,2,B
09:17:04,1811.30,2,B
09:17:04,1811.40,1,B
09:17:04,1811.40,2,B
09:17:04,1811.60,1,B
09:17:04,1812.50,7,M
09:17:04,1812.50,4,M
09:17:04,1812.50,3,M
09:17:04,1812.20,1,M
09:17:04,1812.20,1,M
09:17:04,1812.10,1,M
09:17:04,1812.10,1,M
09:17:04,1812.00,1,M
09:17:04,1811.80,1,M
09:17:04,1811.50,1,B
09:17:04,1811.60,1,B
09:17:03,1811.50,1,B
09:17:03,1811.50,1,B
09:17:03,1811.50,1,B
09:17:03,1811.50,1,B
09:17:03,1811.50,1,B
09:17:03,1811.50,1,B
09:17:03,1812.00,1,B
09:17:03,1812.00,1,B
09:17:03,1812.00,2,B
09:17:03,1812.00,1,B
09:17:03,1812.00,1,B
09:17:03,1812.00,1,M
09:17:03,1812.00,3,M
09:17:03,1812.00,1,M
09:17:03,1812.00,3,M
09:17:03,1812.00,2,M
09:17:03,1811.80,4,M
09:17:03,1811.50,1,B
09:17:03,1811.80,2,M
09:17:03,1811.80,2,M
09:17:02,1811.80,1,M
09:17:02,1811.80,1,B
09:17:02,1812.00,1,M
09:17:02,1812.00,2,M
09:17:02,1812.00,1,B
09:17:02,1812.00,1,B
09:17:02,1812.00,1,B
09:17:02,1812.00,1,B
09:17:02,1812.10,1,B
09:17:02,1812.00,1,B
09:17:02,1812.50,1,M
09:17:02,1812.50,3,M
09:17:02,1812.50,1,M
09:17:02,1812.50,1,M
09:17:02,1812.10,2,M
09:17:01,1812.00,1,B
09:17:01,1812.00,1,B
09:17:01,1812.00,3,B
09:17:01,1812.00,1,B
