Time,Price,Volume,Side
13:06:57,1885.00,69,B
13:06:57,1885.10,1,B
13:06:56,1885.00,1,B
13:06:56,1885.20,1,M
13:06:56,1885.00,8,B
13:06:56,1885.00,61,B
13:06:56,1885.10,1,B
13:06:55,1885.00,10,B
13:06:55,1885.20,4,M
13:06:55,1885.20,1,M
13:06:55,1885.00,25,B
13:06:54,1885.10,11,B
13:06:54,1885.10,1,B
13:06:53,1885.30,1,B
13:06:53,1885.40,1,M
13:06:53,1885.40,3,M
13:06:53,1885.30,27,M
13:06:53,1885.20,1,M
13:06:53,1885.20,22,B
13:06:53,1885.20,7,B
13:06:52,1885.30,14,B
13:06:52,1885.20,1,B
13:06:51,1885.40,1,M
13:06:51,1885.30,1,M
13:06:51,1885.30,1,M
13:06:51,1885.00,1,B
13:06:51,1885.00,20,B
13:06:51,1885.10,1,B
13:06:50,1885.10,1,M
13:06:50,1885.00,1,B
13:06:49,1884.60,1,B
13:06:49,1885.00,5,M
13:06:49,1885.00,1,M
13:06:49,1885.00,2,M
13:06:49,1885.00,1,M
13:06:49,1885.00,2,M
13:06:49,1885.00,1,M
13:06:49,1885.00,10,M
13:06:49,1885.00,4,M
13:06:48,1884.60,4,B
13:06:48,1885.00,1,M
13:06:48,1885.00,1,M
13:06:48,1885.00,1,M
13:06:48,1885.00,5,M
13:06:48,1884.90,2,M
13:06:48,1884.90,12,M
13:06:48,1884.80,9,M
13:06:48,1884.60,5,B
13:06:48,1884.80,1,M
13:06:48,1884.80,26,M
13:06:48,1884.70,5,M
13:06:48,1884.70,1,M
13:06:48,1884.70,8,M
13:06:46,1884.50,25,B
13:06:46,1884.60,11,B
13:06:46,1884.70,1,B
13:06:46,1884.70,1,B
13:06:45,1884.90,14,M
13:06:45,1884.80,1,M
13:06:45,1884.70,1,M
13:06:45,1884.70,5,M
13:06:45,1884.70,6,M
13:06:44,1884.70,1,M
13:06:44,1884.50,5,B
13:06:43,1884.50,1,B
13:06:43,1884.70,1,M
13:06:42,1884.70,1,M
13:06:41,1884.50,9,B
13:06:41,1884.50,2,B
13:06:41,1884.50,10,B
13:06:40,1884.50,2,B
13:06:40,1884.50,1,B
13:06:38,1885.00,1,M
13:06:38,1884.50,12,B
13:06:38,1884.60,9,B
13:06:38,1884.70,9,B
13:06:38,1885.00,2,M
13:06:38,1884.70,1,B
13:06:38,1885.00,1,M
13:06:37,1885.00,3,M
13:06:37,1885.00,9,M
13:06:37,1885.00,1,M
13:06:37,1885.00,1,M
13:06:37,1885.00,1,M
13:06:37,1885.00,1,M
13:06:37,1885.00,1,M
13:06:37,1885.00,1,M
13:06:36,1885.00,1,M
13:06:36,1885.00,1,M
13:06:36,1885.00,1,M
13:06:36,1885.00,1,M
13:06:35,1885.00,1,M
13:06:35,1885.00,3,M
13:06:35,1885.00,1,M
13:06:35,1885.00,1,M
13:06:35,1885.00,1,M
13:06:35,1885.00,12,M
13:06:35,1885.00,1,M
13:06:35,1884.50,1,B
13:06:35,1884.50,26,B
13:06:34,1885.00,1,M
13:06:34,1884.50,4,B
13:06:34,1884.50,1,B
13:06:34,1884.50,1,B
13:06:34,1884.50,1,B
13:06:34,1884.50,6,B
13:06:34,1884.70,1,B
13:06:34,1884.80,1,B
13:06:34,1884.90,1,B
13:06:34,1884.90,3,B
13:06:34,1884.90,1,B
13:06:34,1885.00,2,B
13:06:34,1885.00,55,B
13:06:34,1885.00,20,B
13:06:34,1885.00,1,B
13:06:33,1885.40,3,M
13:06:33,1885.00,24,B
13:06:33,1885.00,1,B
13:06:33,1885.00,1,B
13:06:33,1885.00,4,B
13:06:33,1885.00,1,B
13:06:33,1885.00,1,B
13:06:33,1885.00,1,B
13:06:33,1885.00,1,B
13:06:33,1885.10,1,B
13:06:33,1885.00,1,B
13:06:33,1885.30,1,M
13:06:33,1885.30,1,M
13:06:33,1885.00,1,B
13:06:32,1885.00,1,B
13:06:32,1885.00,1,B
13:06:31,1885.30,1,M
13:06:31,1885.30,5,M
13:06:31,1885.00,2,B
13:06:31,1885.30,2,M
13:06:31,1885.30,1,M
13:06:31,1885.30,1,M
13:06:31,1885.30,2,M
13:06:30,1885.00,1,B
13:06:30,1885.30,2,M
13:06:30,1885.00,1,B
13:06:30,1885.20,1,B
13:06:30,1885.20,1,B
13:06:30,1885.30,1,M
13:06:30,1885.20,1,B
13:06:30,1885.20,8,B
13:06:30,1885.20,2,B
13:06:30,1885.30,1,B
13:06:29,1885.40,1,M
13:06:28,1885.40,1,M
13:06:28,1885.40,2,M
13:06:28,1885.40,1,M
13:06:28,1885.40,2,M
13:06:27,1885.40,2,M
13:06:27,1885.20,1,M
13:06:27,1885.00,1,B
13:06:27,1885.00,1,B
13:06:27,1885.40,1,M
13:06:27,1885.10,1,B
13:06:27,1885.10,1,B
13:06:26,1885.50,1,M
13:06:26,1885.30,1,M
13:06:26,1885.50,1,M
13:06:26,1885.50,1,M
13:06:25,1885.30,1,B
13:06:25,1885.30,1,B
13:06:25,1885.50,1,B
13:06:24,1885.50,1,B
13:06:24,1885.60,1,M
13:06:24,1885.60,1,M
13:06:24,1885.50,1,B
13:06:23,1885.50,1,M
13:06:23,1885.50,1,M
13:06:22,1885.00,3,B
13:06:22,1885.00,1,B
13:06:22,1885.00,6,B
13:06:22,1885.10,2,B
13:06:22,1885.50,1,M
13:06:22,1885.60,12,M
13:06:22,1885.60,4,M
13:06:22,1885.50,1,M
13:06:22,1885.50,1,M
13:06:22,1885.50,12,M
13:06:22,1885.50,9,M
13:06:22,1885.50,8,M
13:06:22,1885.40,1,M
13:06:22,1885.30,3,B
13:06:22,1885.30,10,B
13:06:21,1885.30,1,B
13:06:21,1885.40,1,B
13:06:21,1885.30,1,B
13:06:21,1885.30,5,B
13:06:21,1885.30,5,M
13:06:21,1885.00,2,B
13:06:21,1885.00,1,B
13:06:20,1885.20,1,B
13:06:20,1885.30,6,M
13:06:20,1885.30,2,M
13:06:20,1885.30,3,M
13:06:20,1885.30,1,M
13:06:20,1885.30,1,M
13:06:20,1885.30,1,M
13:06:19,1885.30,1,M
13:06:19,1885.30,2,M
13:06:19,1885.30,2,M
13:06:19,1885.30,1,M
13:06:19,1885.20,11,B
13:06:19,1885.30,1,M
13:06:18,1885.50,1,M
13:06:18,1885.50,1,M
13:06:18,1885.40,2,B
13:06:18,1885.50,1,M
13:06:18,1885.50,3,M
13:06:18,1885.50,1,M
13:06:18,1885.50,1,M
13:06:18,1885.50,2,M
13:06:18,1885.40,1,M
13:06:17,1885.40,1,M
13:06:17,1885.40,1,M
13:06:17,1885.40,4,M
13:06:17,1885.30,4,M
13:06:17,1885.00,4,B
13:06:17,1885.10,1,B
13:06:17,1885.30,1,M
13:06:17,1885.20,1,B
13:06:17,1885.30,1,M
13:06:17,1885.30,1,M
13:06:16,1885.30,1,M
13:06:16,1885.30,1,M
13:06:16,1885.30,2,M
13:06:16,1885.30,1,M
13:06:16,1885.20,1,M
13:06:16,1885.20,1,M
13:06:15,1885.10,1,M
13:06:15,1885.10,1,M
13:06:15,1885.00,1,M
13:06:15,1885.00,1,M
13:06:15,1885.00,2,M
13:06:15,1885.00,1,M
13:06:15,1885.00,2,M
13:06:15,1885.00,1,M
13:06:15,1885.00,2,M
13:06:15,1885.00,1,M
13:06:15,1885.00,1,M
13:06:15,1885.00,2,M
13:06:15,1885.00,5,M
13:06:15,1885.00,1,M
13:06:15,1885.00,12,M
13:06:15,1885.00,1,M
13:06:15,1885.00,2,M
13:06:15,1884.50,1,B
13:06:15,1884.80,1,B
13:06:15,1885.00,1,M
13:06:15,1885.00,1,M
13:06:15,1885.00,1,M
13:06:15,1885.00,1,M
13:06:15,1885.00,4,M
13:06:15,1885.00,1,M
13:06:15,1885.00,1,M
13:06:15,1885.00,10,M
13:06:15,1885.00,1,M
13:06:15,1885.00,2,M
13:06:15,1884.90,5,M
13:06:15,1884.90,1,M
13:06:15,1884.90,1,M
13:06:15,1884.50,3,B
13:06:15,1884.90,2,M
13:06:14,1884.90,2,M
13:06:14,1884.90,1,M
13:06:14,1884.50,1,B
13:06:14,1884.90,1,M
13:06:14,1884.90,1,M
13:06:14,1884.60,2,B
13:06:14,1884.60,2,B
13:06:14,1884.90,1,M
13:06:13,1884.90,3,M
13:06:13,1884.90,1,M
13:06:13,1884.80,2,M
13:06:13,1884.80,1,M
13:06:13,1884.80,1,M
13:06:13,1884.70,2,M
13:06:13,1884.70,2,M
13:06:13,1884.70,1,M
13:06:13,1884.70,7,M
13:06:13,1884.70,2,M
13:06:13,1884.70,4,M
13:06:13,1884.70,1,M
13:06:13,1884.70,3,M
13:06:13,1884.70,1,M
13:06:13,1884.70,1,M
13:06:13,1884.50,1,B
13:06:12,1884.70,1,M
13:06:12,1884.30,1,B
13:06:12,1884.70,1,M
13:06:12,1884.70,5,M
13:06:12,1884.70,1,M
13:06:12,1884.70,1,M
13:06:12,1884.70,1,M
13:06:12,1884.70,2,M
13:06:12,1884.70,1,M
13:06:12,1884.60,1,M
13:06:12,1884.50,2,M
13:06:12,1884.50,1,M
13:06:12,1884.50,8,M
13:06:12,1884.50,1,M
13:06:12,1884.50,1,M
13:06:11,1884.30,1,B
13:06:10,1884.50,1,M
13:06:10,1884.30,1,B
13:06:10,1884.30,1,B
13:06:10,1884.30,1,B
13:06:09,1884.40,4,M
13:06:09,1884.40,3,M
13:06:09,1884.30,1,M
13:06:09,1884.30,1,M
13:06:08,1884.00,3,B
13:06:07,1884.00,2,B
13:06:07,1884.00,1,B
13:06:06,1884.00,1,M
13:06:06,1883.90,1,M
13:06:06,1883.90,2,M
13:06:06,1883.70,2,B
13:06:06,1883.90,3,M
13:06:06,1883.60,3,B
13:06:06,1883.90,2,M
13:06:06,1883.90,1,M
13:06:06,1883.90,1,M
13:06:06,1883.60,1,B
13:06:06,1883.60,1,B
13:06:06,1883.60,1,B
13:06:06,1883.70,1,B
13:06:06,1883.70,1,B
13:06:06,1883.70,1,B
13:06:06,1883.80,1,B
13:06:06,1883.80,1,B
13:06:06,1883.80,1,B
13:06:05,1883.90,3,M
13:06:05,1883.90,1,B
13:06:05,1884.00,2,B
13:06:05,1884.00,1,B
13:06:05,1884.00,1,B
13:06:05,1884.00,2,B
13:06:05,1884.30,10,M
13:06:04,1884.00,1,B
13:06:04,1884.10,1,B
13:06:04,1884.10,2,B
13:06:03,1884.50,3,M
13:06:03,1884.00,2,B
13:06:03,1884.00,1,B
13:06:02,1884.30,1,M
13:06:01,1884.00,1,B
13:06:01,1884.00,2,B
13:06:01,1884.20,1,B
13:06:01,1884.30,1,B
13:06:00,1884.50,3,M
13:06:00,1884.50,9,M
13:06:00,1884.50,1,M
13:05:59,1884.50,1,M
13:05:59,1884.40,1,M
13:05:59,1884.50,1,M
13:05:59,1884.40,1,M
13:05:59,1884.10,1,B
13:05:59,1884.10,1,B
13:05:59,1884.10,1,B
13:05:58,1884.20,2,B
13:05:58,1884.50,1,M
13:05:57,1884.40,1,M
13:05:57,1884.10,1,B
13:05:57,1884.50,1,M
13:05:57,1884.50,2,M
13:05:57,1884.00,11,B
13:05:57,1884.10,1,B
13:05:57,1884.20,5,B
13:05:57,1884.20,2,B
13:05:57,1884.20,1,B
13:05:57,1884.30,4,B
13:05:57,1884.30,1,B
13:05:57,1884.30,1,B
13:05:57,1884.30,1,B
13:05:57,1884.60,1,M
13:05:57,1884.60,2,M
13:05:56,1884.60,3,M
13:05:56,1884.60,1,M
13:05:56,1884.60,1,M
13:05:56,1884.60,2,M
13:05:56,1884.60,6,B
13:05:55,1884.80,1,M
13:05:55,1884.80,1,M
13:05:55,1884.80,5,M
13:05:55,1884.60,1,M
13:05:55,1884.80,1,M
13:05:55,1884.80,1,M
13:05:55,1884.80,2,M
13:05:55,1884.30,1,B
13:05:55,1884.40,1,B
13:05:54,1884.80,1,M
13:05:54,1884.40,1,B
13:05:54,1884.70,1,M
13:05:54,1884.70,1,M
13:05:54,1884.70,1,M
13:05:54,1884.70,1,M
13:05:54,1884.70,2,M
13:05:54,1884.60,1,M
13:05:54,1884.60,1,M
13:05:54,1884.60,2,M
13:05:54,1884.20,1,M
13:05:53,1884.20,1,M
13:05:53,1884.20,1,M
13:05:53,1884.10,2,M
13:05:53,1884.10,2,M
13:05:53,1884.20,1,M
13:05:53,1883.60,1,B
13:05:53,1883.70,13,B
13:05:53,1884.10,2,B
13:05:53,1884.20,9,M
13:05:53,1884.20,1,M
13:05:53,1884.20,10,M
13:05:53,1884.00,1,M
13:05:53,1884.00,7,M
13:05:53,1884.00,8,M
13:05:53,1884.00,1,M
13:05:53,1884.00,3,M
13:05:53,1884.00,1,M
13:05:53,1884.00,7,M
13:05:53,1884.00,3,M
13:05:53,1884.00,4,M
13:05:53,1884.00,12,M
13:05:53,1884.00,9,M
13:05:52,1884.00,2,M
13:05:52,1883.70,1,B
13:05:52,1884.00,13,M
13:05:52,1884.00,7,M
13:05:52,1883.80,1,M
13:05:52,1883.60,1,B
13:05:51,1883.50,5,B
13:05:51,1884.00,2,M
13:05:51,1883.90,5,M
13:05:51,1883.80,1,M
13:05:51,1883.80,4,M
13:05:51,1883.80,10,M
13:05:51,1883.80,1,M
13:05:51,1883.80,7,M
13:05:51,1883.80,1,M
13:05:51,1883.80,50,M
13:05:50,1883.80,1,M
13:05:50,1883.80,8,M
13:05:50,1883.70,2,M
13:05:50,1883.50,1,B
13:05:50,1883.70,1,M
13:05:49,1883.70,1,M
13:05:48,1883.30,5,B
13:05:48,1883.40,1,B
13:05:48,1883.40,2,B
13:05:48,1883.50,1,B
13:05:48,1883.50,1,B
13:05:48,1883.80,2,M
13:05:48,1883.70,2,M
13:05:48,1883.70,1,M
13:05:47,1883.60,1,M
13:05:47,1883.10,1,B
13:05:47,1883.10,2,B
13:05:47,1883.10,1,B
13:05:47,1883.10,8,B
13:05:47,1883.10,2,B
13:05:47,1883.10,1,B
13:05:47,1883.10,1,B
13:05:47,1883.20,1,B
13:05:47,1883.20,1,B
13:05:47,1883.20,1,B
13:05:47,1883.20,5,B
13:05:47,1883.30,3,B
13:05:47,1883.30,1,B
13:05:47,1883.70,2,M
13:05:47,1883.70,1,M
13:05:47,1883.20,3,B
13:05:47,1883.20,1,B
13:05:47,1883.30,1,B
13:05:47,1883.30,8,B
13:05:47,1883.30,1,B
13:05:47,1883.30,5,B
13:05:47,1883.30,1,B
13:05:47,1883.30,1,B
13:05:47,1883.30,2,B
13:05:47,1883.30,1,B
13:05:47,1883.30,1,B
13:05:47,1883.30,2,B
13:05:47,1883.40,7,B
13:05:47,1883.60,7,B
13:05:47,1883.80,1,M
13:05:46,1883.80,1,M
13:05:46,1883.80,1,M
13:05:46,1883.60,1,M
13:05:46,1883.40,1,B
13:05:46,1883.80,1,M
13:05:46,1883.80,5,M
13:05:46,1883.80,2,M
13:05:46,1883.80,8,M
13:05:46,1883.40,2,B
13:05:46,1883.40,8,B
13:05:46,1883.50,2,B
13:05:46,1883.50,1,B
13:05:46,1883.50,8,B
13:05:46,1883.60,1,B
13:05:46,1883.60,3,B
13:05:46,1883.80,1,M
13:05:45,1883.80,1,M
13:05:45,1883.80,2,M
13:05:45,1883.60,1,B
13:05:44,1883.80,8,M
13:05:44,1883.80,1,M
13:05:44,1883.80,1,M
13:05:44,1883.60,1,B
13:05:44,1883.80,2,M
13:05:44,1883.60,1,B
13:05:44,1883.80,2,M
13:05:43,1883.60,1,B
13:05:43,1883.80,2,M
13:05:42,1883.80,1,M
13:05:42,1883.80,1,M
13:05:42,1883.70,5,M
13:05:42,1883.70,1,M
13:05:42,1883.70,1,B
13:05:42,1883.80,1,M
13:05:41,1883.80,1,M
13:05:41,1883.60,1,B
13:05:41,1883.50,1,B
13:05:41,1883.60,1,B
13:05:41,1883.80,2,M
13:05:41,1883.80,2,B
13:05:41,1883.90,1,M
13:05:41,1884.00,1,M
13:05:41,1884.00,4,M
13:05:41,1884.00,8,M
13:05:41,1884.00,1,M
13:05:41,1884.00,22,M
13:05:41,1884.00,14,M
13:05:40,1884.00,1,M
13:05:40,1884.00,1,M
13:05:39,1884.00,1,B
13:05:39,1884.00,1,B
13:05:39,1884.10,1,B
13:05:39,1884.20,1,M
13:05:39,1884.00,9,B
13:05:39,1884.10,1,B
13:05:39,1884.10,1,B
13:05:39,1884.10,1,B
13:05:39,1884.10,1,B
13:05:39,1884.10,1,B
13:05:39,1884.10,1,B
13:05:39,1884.10,2,B
13:05:39,1884.10,1,B
13:05:39,1884.10,2,B
13:05:39,1884.10,1,B
13:05:39,1884.10,2,B
13:05:39,1884.10,1,B
13:05:39,1884.20,1,M
13:05:39,1884.10,1,B
13:05:39,1884.20,2,M
13:05:39,1884.20,1,M
13:05:38,1884.10,1,B
13:05:38,1884.40,3,M
13:05:38,1884.10,1,B
13:05:38,1884.10,1,B
13:05:38,1884.20,1,M
13:05:37,1884.10,1,B
13:05:37,1884.40,1,B
13:05:36,1884.10,2,B
13:05:36,1884.20,1,B
13:05:36,1884.60,1,M
13:05:36,1884.60,1,M
13:05:36,1884.30,1,M
13:05:36,1884.30,4,M
13:05:36,1884.30,1,M
13:05:36,1884.30,1,M
13:05:36,1884.30,1,M
13:05:36,1884.30,1,M
13:05:36,1884.30,1,B
13:05:35,1884.40,1,B
13:05:35,1884.40,5,B
13:05:35,1884.70,10,M
13:05:34,1884.20,1,B
13:05:34,1884.30,1,M
13:05:34,1884.30,1,M
13:05:33,1884.30,1,M
13:05:33,1884.10,1,B
13:05:33,1884.30,1,M
13:05:33,1884.30,1,M
13:05:33,1884.10,4,M
13:05:32,1884.00,3,M
13:05:32,1884.00,1,M
13:05:32,1884.00,4,M
13:05:32,1884.00,2,M
13:05:32,1884.00,2,M
13:05:32,1884.00,1,M
13:05:32,1883.90,1,M
13:05:32,1883.80,2,M
13:05:32,1883.80,1,M
13:05:32,1883.80,1,M
13:05:31,1883.60,3,B
13:05:31,1883.60,1,B
13:05:31,1883.60,5,B
13:05:31,1883.60,1,B
13:05:31,1883.70,1,B
13:05:31,1883.70,1,B
13:05:31,1883.70,1,B
13:05:31,1883.70,1,B
13:05:31,1883.80,4,M
13:05:31,1883.80,2,M
13:05:31,1883.80,3,M
13:05:31,1883.70,1,M
13:05:30,1883.70,1,M
13:05:30,1883.40,1,M
13:05:30,1883.30,1,B
13:05:30,1883.70,1,M
13:05:30,1883.60,1,M
13:05:30,1883.60,1,M
13:05:30,1883.30,8,B
13:05:29,1883.70,2,M
13:05:29,1883.60,1,M
13:05:29,1883.60,5,M
13:05:29,1883.60,1,M
13:05:29,1883.60,10,M
13:05:28,1883.30,20,B
13:05:28,1883.30,1,B
13:05:28,1883.30,1,M
13:05:28,1883.10,1,M
13:05:28,1883.10,8,M
13:05:28,1883.10,1,M
13:05:28,1883.10,1,M
13:05:28,1883.00,1,B
13:05:27,1883.10,1,B
13:05:27,1883.20,1,B
13:05:27,1883.30,1,M
13:05:27,1883.30,1,M
13:05:27,1883.30,1,M
13:05:26,1883.10,1,B
13:05:26,1883.40,1,M
13:05:26,1883.20,2,B
13:05:26,1883.20,7,B
13:05:26,1883.40,1,M
13:05:26,1883.20,13,B
13:05:26,1883.20,4,B
13:05:26,1883.20,2,B
13:05:26,1883.40,1,M
13:05:25,1883.40,1,M
13:05:25,1883.40,1,M
13:05:25,1883.40,12,M
13:05:25,1883.20,1,B
13:05:25,1883.40,4,M
13:05:24,1883.60,1,M
13:05:24,1883.20,3,B
13:05:24,1883.20,1,B
13:05:24,1883.60,6,M
13:05:24,1883.60,1,M
13:05:24,1883.40,2,B
13:05:24,1883.40,1,B
13:05:24,1883.60,1,M
13:05:23,1883.70,1,B
13:05:23,1883.70,2,B
13:05:23,1883.80,1,M
13:05:23,1883.80,5,M
13:05:23,1883.80,1,M
13:05:23,1883.80,1,M
13:05:23,1883.70,1,B
13:05:23,1883.80,1,M
13:05:22,1883.70,1,B
13:05:22,1883.70,1,B
13:05:22,1883.40,1,B
13:05:22,1883.70,1,B
13:05:22,1883.80,1,M
13:05:21,1884.00,1,M
13:05:21,1884.00,1,M
13:05:21,1884.00,1,M
13:05:21,1884.00,1,M
13:05:21,1884.00,1,M
13:05:21,1884.00,1,M
13:05:21,1883.30,1,B
13:05:21,1884.00,1,M
13:05:21,1884.00,1,M
13:05:21,1883.90,3,M
13:05:21,1883.90,3,M
13:05:21,1883.60,2,M
13:05:21,1883.60,1,M
13:05:21,1883.70,1,B
13:05:21,1883.00,3,B
13:05:21,1883.00,2,B
13:05:21,1883.10,1,B
13:05:21,1883.10,1,B
13:05:21,1883.10,1,B
13:05:21,1883.10,1,B
13:05:21,1883.10,1,B
13:05:21,1883.20,1,B
13:05:21,1883.20,1,B
13:05:21,1883.20,1,B
13:05:21,1883.20,2,B
13:05:21,1883.20,14,B
13:05:21,1883.30,1,B
13:05:21,1883.30,1,B
13:05:21,1883.30,2,B
13:05:21,1883.30,1,B
13:05:21,1883.40,1,B
13:05:21,1883.40,1,B
13:05:21,1883.50,1,B
13:05:21,1883.60,2,B
13:05:21,1883.90,9,B
13:05:21,1884.00,2,B
13:05:20,1884.00,3,B
13:05:20,1884.00,1,M
13:05:20,1884.00,1,M
13:05:20,1884.00,1,M
13:05:20,1883.70,1,M
13:05:20,1883.70,10,M
13:05:20,1883.70,1,M
13:05:20,1883.70,1,M
13:05:20,1883.70,1,M
13:05:20,1883.90,4,M
13:05:20,1883.90,2,M
13:05:20,1883.80,5,M
13:05:20,1883.60,1,M
13:05:19,1883.70,1,B
13:05:19,1883.60,1,M
13:05:19,1883.80,1,M
13:05:19,1883.60,1,M
13:05:19,1883.80,7,M
13:05:19,1883.70,1,M
13:05:19,1883.70,1,M
13:05:19,1883.60,1,M
13:05:18,1883.70,1,M
13:05:18,1883.70,2,M
13:05:18,1883.80,1,M
13:05:18,1883.20,6,B
13:05:18,1883.20,2,B
13:05:18,1883.30,1,B
13:05:18,1883.40,1,B
13:05:18,1883.50,1,B
13:05:18,1883.50,1,B
13:05:18,1883.50,1,B
13:05:18,1883.50,1,B
13:05:18,1883.50,1,B
13:05:18,1883.60,1,B
13:05:18,1883.60,1,B
13:05:18,1883.60,1,B
13:05:18,1883.60,16,B
13:05:18,1883.60,1,B
13:05:18,1883.70,1,B
13:05:18,1883.70,1,B
13:05:18,1883.70,1,B
13:05:18,1883.70,10,B
13:05:18,1884.00,2,B
13:05:18,1884.10,1,M
13:05:18,1884.10,1,M
13:05:17,1884.10,1,M
13:05:17,1883.70,1,B
13:05:17,1883.70,1,B
13:05:17,1884.10,1,M
13:05:17,1884.10,1,M
13:05:17,1883.90,1,B
13:05:17,1884.00,1,B
13:05:17,1884.10,1,M
13:05:17,1883.60,22,B
13:05:17,1883.60,20,B
13:05:17,1883.60,12,B
13:05:17,1883.70,1,B
13:05:17,1883.70,4,B
13:05:17,1883.80,4,B
13:05:17,1883.80,2,B
13:05:17,1883.80,1,B
13:05:17,1883.80,2,B
13:05:17,1883.90,1,B
13:05:17,1883.90,1,B
13:05:17,1883.90,1,B
13:05:17,1884.00,1,B
13:05:17,1884.00,1,B
13:05:17,1884.00,4,B
13:05:17,1884.10,1,B
13:05:17,1884.10,1,B
13:05:17,1884.10,1,B
13:05:17,1884.20,1,B
13:05:17,1884.20,1,B
13:05:17,1884.30,1,B
13:05:17,1884.30,1,B
13:05:17,1884.30,1,B
13:05:17,1884.40,3,B
13:05:16,1884.30,2,B
13:05:16,1884.40,1,B
13:05:16,1884.80,1,M
13:05:16,1884.70,1,M
13:05:16,1884.60,3,M
13:05:16,1884.50,1,M
13:05:16,1884.50,8,M
13:05:16,1884.50,5,M
13:05:16,1884.40,1,M
13:05:16,1884.40,1,M
13:05:16,1884.40,1,M
13:05:16,1884.40,1,M
13:05:16,1884.40,1,M
13:05:16,1884.30,1,M
13:05:16,1884.30,1,M
13:05:16,1884.30,1,M
13:05:16,1884.30,2,M
13:05:16,1884.20,1,B
13:05:15,1883.70,2,B
13:05:15,1883.80,1,B
13:05:15,1883.80,6,B
13:05:15,1883.80,1,B
13:05:15,1884.30,1,M
13:05:15,1883.80,7,B
13:05:15,1883.90,2,B
13:05:15,1883.90,3,B
13:05:15,1884.30,2,M
13:05:15,1884.20,1,M
13:05:15,1884.20,14,M
13:05:15,1884.20,2,M
13:05:15,1884.10,1,M
13:05:15,1884.00,2,M
13:05:15,1884.00,1,M
13:05:15,1884.00,1,M
13:05:15,1884.00,3,M
13:05:15,1884.00,3,M
13:05:15,1883.70,1,B
13:05:15,1884.00,1,M
13:05:15,1883.70,3,B
13:05:15,1883.70,2,B
13:05:14,1883.70,2,B
13:05:14,1883.70,3,B
13:05:14,1883.70,1,B
13:05:14,1884.00,1,M
13:05:14,1884.00,1,M
13:05:14,1884.00,1,M
13:05:14,1884.00,1,M
13:05:14,1883.80,1,B
13:05:14,1883.80,1,B
13:05:14,1883.80,1,B
13:05:14,1883.80,1,B
13:05:14,1883.90,6,M
13:05:14,1883.90,1,M
13:05:14,1883.90,5,M
13:05:14,1883.90,1,M
13:05:14,1883.80,1,M
13:05:13,1883.60,1,B
13:05:13,1883.60,1,B
13:05:13,1883.60,6,B
13:05:13,1883.60,1,B
13:05:13,1883.60,1,B
13:05:13,1883.60,1,B
13:05:13,1883.70,2,M
13:05:12,1883.60,4,M
13:05:12,1883.60,1,M
13:05:12,1883.60,4,M
13:05:12,1883.60,2,M
13:05:12,1883.60,3,M
13:05:12,1883.50,1,M
13:05:12,1883.50,1,M
13:05:12,1883.50,2,M
13:05:12,1883.20,1,B
13:05:12,1883.20,5,B
13:05:12,1883.20,1,B
13:05:12,1883.20,1,B
13:05:12,1883.20,1,B
13:05:12,1883.20,1,B
13:05:12,1883.20,10,B
13:05:12,1883.20,1,B
13:05:12,1883.00,2,B
13:05:11,1883.00,1,B
13:05:11,1883.10,2,M
13:05:11,1883.10,2,M
13:05:11,1883.00,2,B
13:05:11,1883.00,15,B
13:05:11,1883.00,2,B
13:05:11,1883.10,1,M
13:05:11,1883.10,4,M
13:05:11,1883.00,1,B
13:05:11,1883.00,1,B
13:05:11,1883.00,3,M
13:05:11,1882.50,21,B
13:05:11,1882.50,30,B
13:05:11,1882.60,2,B
13:05:11,1882.60,1,B
13:05:11,1882.80,1,B
13:05:11,1882.80,1,B
13:05:11,1883.00,2,M
13:05:10,1882.50,6,B
13:05:10,1882.60,1,B
13:05:10,1882.70,1,B
13:05:10,1882.70,9,B
13:05:10,1882.70,9,B
13:05:10,1882.90,1,B
13:05:10,1882.80,1,B
13:05:10,1882.90,2,B
13:05:10,1883.10,14,B
13:05:10,1883.30,1,M
13:05:10,1883.30,20,M
13:05:10,1883.30,1,M
13:05:10,1883.30,11,M
13:05:10,1883.30,2,M
13:05:10,1883.30,4,M
13:05:10,1883.30,24,M
13:05:10,1883.10,1,B
13:05:10,1883.10,4,B
13:05:10,1883.20,5,B
13:05:10,1883.20,2,B
13:05:10,1883.20,1,M
13:05:10,1883.20,2,M
13:05:10,1883.10,10,B
13:05:10,1883.10,1,M
13:05:10,1883.10,1,M
13:05:10,1883.10,1,M
13:05:10,1883.10,1,M
13:05:10,1883.00,1,B
13:05:10,1883.00,1,M
13:05:10,1882.50,1,B
13:05:10,1882.50,1,B
13:05:10,1882.50,3,B
13:05:10,1882.60,30,B
13:05:10,1882.60,13,B
13:05:10,1882.70,1,B
13:05:10,1883.00,1,B
13:05:10,1883.00,2,B
13:05:09,1882.70,2,B
13:05:09,1882.70,1,B
13:05:09,1883.00,2,B
13:05:09,1883.00,1,B
13:05:09,1883.00,1,B
13:05:09,1883.00,2,B
13:05:09,1883.00,2,B
13:05:09,1883.10,1,M
13:05:09,1883.10,1,M
13:05:09,1882.80,6,M
13:05:09,1882.70,1,B
13:05:09,1883.20,1,M
13:05:09,1883.10,5,M
13:05:09,1883.10,1,M
13:05:09,1883.00,7,M
13:05:09,1883.00,6,M
13:05:09,1882.60,4,B
13:05:08,1883.00,4,M
13:05:08,1882.80,1,M
13:05:08,1883.00,2,M
13:05:08,1882.60,13,B
13:05:08,1882.60,10,B
13:05:08,1882.60,1,B
13:05:08,1882.60,1,B
13:05:08,1882.60,1,B
13:05:08,1882.60,1,B
13:05:08,1882.70,1,B
13:05:08,1882.70,1,B
13:05:08,1882.70,1,B
13:05:08,1882.70,1,B
13:05:08,1882.70,1,B
13:05:08,1882.80,1,B
13:05:08,1882.80,1,B
13:05:08,1882.80,2,B
13:05:08,1882.80,8,B
13:05:08,1882.80,6,B
13:05:08,1882.90,3,M
13:05:08,1882.90,1,M
13:05:08,1882.80,1,B
13:05:08,1882.80,2,B
13:05:08,1882.80,1,B
13:05:08,1882.80,2,B
13:05:08,1882.80,1,B
13:05:08,1882.80,6,B
13:05:08,1882.80,1,B
13:05:08,1883.00,1,M
13:05:08,1882.80,8,B
13:05:08,1883.00,1,M
13:05:08,1882.80,17,B
13:05:08,1882.90,1,B
13:05:08,1883.00,1,M
13:05:08,1882.90,1,M
13:05:07,1883.00,1,M
13:05:07,1883.00,1,M
13:05:07,1882.80,1,B
13:05:07,1882.80,1,B
13:05:07,1882.90,1,M
13:05:07,1882.80,3,B
13:05:07,1882.80,1,B
13:05:07,1883.10,3,B
13:05:07,1883.10,1,B
13:05:07,1883.10,1,B
13:05:07,1883.10,1,B
13:05:07,1882.90,1,B
13:05:07,1882.90,1,B
13:05:07,1883.00,10,M
13:05:07,1883.00,4,M
13:05:07,1883.00,23,M
13:05:07,1882.90,1,B
13:05:06,1882.90,5,B
13:05:06,1882.90,5,B
13:05:06,1882.90,1,B
13:05:06,1882.90,1,B
13:05:06,1883.00,1,M
13:05:06,1883.00,1,B
13:05:06,1883.00,3,B
13:05:06,1883.00,1,B
13:05:06,1883.10,1,B
13:05:06,1883.00,9,B
13:05:06,1883.00,1,B
13:05:06,1883.00,1,B
13:05:06,1883.00,5,B
13:05:06,1883.00,1,B
13:05:06,1883.00,1,B
13:05:06,1883.00,2,B
13:05:06,1883.00,1,B
13:05:06,1883.10,2,B
13:05:06,1883.00,10,B
13:05:06,1883.00,17,B
13:05:06,1883.00,3,B
13:05:06,1883.00,1,B
13:05:06,1883.00,1,B
13:05:06,1883.00,2,B
13:05:06,1883.00,1,B
13:05:06,1883.00,2,B
13:05:06,1883.00,2,B
13:05:06,1883.00,2,B
13:05:06,1883.00,2,B
13:05:06,1883.00,1,B
13:05:06,1883.00,15,B
13:05:06,1883.20,3,B
13:05:05,1883.10,1,M
13:05:05,1883.00,1,B
13:05:05,1883.00,2,B
13:05:05,1883.30,1,B
13:05:05,1883.00,1,B
13:05:05,1883.00,1,B
13:05:05,1883.00,1,B
13:05:05,1883.20,4,B
13:05:05,1883.00,1,B
13:05:05,1883.00,1,B
13:05:05,1883.00,2,B
13:05:05,1883.00,1,B
13:05:05,1883.00,1,B
13:05:05,1883.00,2,B
13:05:05,1883.00,1,B
13:05:05,1883.00,2,B
13:05:05,1883.00,2,B
13:05:05,1883.00,4,B
13:05:05,1883.00,1,B
13:05:05,1883.00,1,B
13:05:05,1883.00,1,B
13:05:05,1883.00,10,B
13:05:05,1883.00,1,B
13:05:05,1883.00,1,B
13:05:05,1883.00,10,B
13:05:05,1883.00,1,B
13:05:05,1883.00,5,B
13:05:05,1883.00,1,B
13:05:05,1883.00,1,B
13:05:05,1883.10,3,B
13:05:05,1883.20,2,B
13:05:05,1883.20,2,B
13:05:05,1883.00,1,B
13:05:05,1883.00,28,B
13:05:05,1883.10,1,B
13:05:05,1883.70,3,M
13:05:05,1883.70,4,M
13:05:05,1883.70,4,M
13:05:05,1883.70,2,M
13:05:05,1883.60,1,M
13:05:05,1883.60,2,M
13:05:05,1883.60,1,M
13:05:05,1883.60,1,M
13:05:05,1883.60,2,M
13:05:05,1883.60,11,M
13:05:05,1883.60,1,M
13:05:05,1883.60,12,M
13:05:05,1883.60,4,M
13:05:05,1883.60,1,M
13:05:05,1883.60,1,M
13:05:05,1883.10,9,B
13:05:05,1883.10,2,B
13:05:05,1883.10,1,B
13:05:05,1883.10,8,B
13:05:05,1883.10,1,B
13:05:05,1883.10,4,B
13:05:05,1883.10,1,B
13:05:05,1883.10,4,B
13:05:05,1883.60,1,M
13:05:04,1883.30,1,M
13:05:04,1883.10,4,B
13:05:04,1883.10,1,B
13:05:04,1883.10,1,B
13:05:04,1883.10,22,B
13:05:04,1883.30,8,B
13:05:04,1883.60,4,M
13:05:04,1883.10,2,B
13:05:04,1883.10,1,B
13:05:04,1883.10,1,B
13:05:04,1883.10,5,B
13:05:04,1883.10,2,B
13:05:04,1883.10,4,B
13:05:04,1883.60,2,M
13:05:04,1883.60,6,M
13:05:04,1883.60,4,M
13:05:04,1883.60,9,M
13:05:04,1883.30,2,M
13:05:04,1883.20,1,M
13:05:04,1883.20,1,M
13:05:04,1883.10,3,B
13:05:04,1883.10,1,B
13:05:04,1883.10,1,B
13:05:04,1883.10,1,B
13:05:04,1883.30,1,M
13:05:04,1883.10,1,B
13:05:04,1883.20,1,B
13:05:04,1883.20,1,B
13:05:03,1883.20,1,B
13:05:03,1883.20,4,B
13:05:03,1883.20,1,B
13:05:03,1883.50,1,B
13:05:03,1883.50,1,B
13:05:03,1883.30,1,B
13:05:03,1883.30,1,B
13:05:03,1883.50,1,B
13:05:03,1883.60,1,M
13:05:02,1883.30,1,B
13:05:02,1883.30,1,M
13:05:02,1883.20,1,B
13:05:02,1883.60,2,B
13:05:02,1883.60,1,B
13:05:02,1883.60,1,M
13:05:02,1883.30,1,M
13:05:02,1883.30,1,M
13:05:01,1883.20,1,B
13:05:01,1883.50,1,B
13:05:01,1883.30,1,B
13:05:01,1883.50,1,B
13:05:01,1883.30,2,B
13:05:01,1883.30,2,B
13:05:01,1883.50,2,B
13:05:01,1883.30,1,B
13:05:01,1883.30,1,B
13:05:01,1883.80,1,M
13:05:01,1883.50,1,M
13:05:01,1883.50,1,M
13:05:01,1883.70,1,B
13:05:01,1883.70,1,B
13:05:01,1883.70,1,B
13:05:01,1883.70,1,B
13:05:01,1883.70,1,B
13:05:01,1883.70,1,B
13:05:01,1883.70,1,B
13:05:01,1883.70,1,B
13:05:01,1883.70,1,B
13:05:01,1883.50,1,M
13:05:01,1883.50,1,M
13:05:00,1883.30,4,B
13:05:00,1883.30,1,B
13:05:00,1883.40,1,B
13:05:00,1883.50,1,B
13:05:00,1883.50,1,B
13:05:00,1883.90,3,M
13:05:00,1883.90,4,M
13:05:00,1883.90,1,M
13:05:00,1883.90,1,M
13:05:00,1883.90,1,M
13:05:00,1883.90,1,M
13:05:00,1883.90,1,M
13:05:00,1883.90,1,M
13:05:00,1883.90,1,M
13:05:00,1883.90,1,M
13:05:00,1883.90,1,M
13:05:00,1883.80,4,M
13:05:00,1883.50,1,B
13:04:59,1883.90,1,M
13:04:59,1883.40,1,B
13:04:59,1883.50,1,B
13:04:59,1883.50,1,B
13:04:59,1883.50,1,B
13:04:59,1883.50,1,B
13:04:59,1883.60,1,B
13:04:59,1883.60,1,B
13:04:59,1883.70,4,B
13:04:59,1884.00,10,M
13:04:59,1883.90,20,M
13:04:59,1883.60,4,B
13:04:59,1883.60,1,B
13:04:59,1883.70,2,B
13:04:59,1883.60,1,B
13:04:59,1884.20,1,M
13:04:59,1884.20,3,M
13:04:59,1883.90,1,M
13:04:59,1884.10,8,M
13:04:59,1883.90,6,M
13:04:58,1883.90,1,B
13:04:58,1883.90,19,B
13:04:58,1884.00,1,B
13:04:58,1884.10,1,M
13:04:58,1883.90,7,B
13:04:58,1884.00,2,B
13:04:57,1883.90,3,B
13:04:57,1883.90,2,B
13:04:57,1883.90,1,B
13:04:57,1884.00,1,B
13:04:57,1884.10,1,M
13:04:57,1883.90,1,B
13:04:57,1884.10,1,M
13:04:56,1884.00,1,B
13:04:56,1884.10,2,M
13:04:56,1884.10,1,M
13:04:56,1884.00,1,B
13:04:55,1884.00,1,B
13:04:55,1884.20,2,B
13:04:55,1884.30,3,B
13:04:55,1884.30,19,B
13:04:55,1884.30,1,B
13:04:55,1884.30,9,B
13:04:55,1884.30,2,B
13:04:55,1884.30,1,B
13:04:55,1884.40,1,B
13:04:55,1884.40,1,B
13:04:55,1884.40,5,B
13:04:55,1884.40,4,B
13:04:55,1884.50,1,B
13:04:55,1884.50,1,B
13:04:55,1884.50,1,B
13:04:55,1884.50,7,B
13:04:55,1884.60,1,M
13:04:54,1884.50,2,B
13:04:54,1884.50,1,B
13:04:53,1884.60,1,M
13:04:53,1884.50,1,B
13:04:53,1884.60,1,M
13:04:53,1884.50,2,B
13:04:53,1884.50,2,B
13:04:52,1884.50,2,B
13:04:52,1884.50,3,B
13:04:52,1884.50,5,B
13:04:52,1884.60,1,M
13:04:52,1884.50,3,B
13:04:52,1884.70,1,B
13:04:51,1884.50,1,B
13:04:51,1884.60,5,M
13:04:51,1884.70,1,B
13:04:51,1884.70,14,B
13:04:51,1885.00,1,M
13:04:50,1884.50,3,B
13:04:50,1884.50,2,B
13:04:50,1884.50,1,B
13:04:50,1884.60,1,B
13:04:50,1885.00,4,M
13:04:50,1885.00,1,M
13:04:50,1884.90,1,M
13:04:50,1884.90,1,M
13:04:50,1884.90,1,M
13:04:49,1884.40,1,B
13:04:49,1884.60,4,B
13:04:49,1884.60,1,B
13:04:49,1884.70,1,B
13:04:49,1884.70,1,M
13:04:49,1884.60,1,M
13:04:49,1884.60,1,M
13:04:49,1884.60,1,M
13:04:49,1884.60,1,M
13:04:49,1884.60,2,M
13:04:48,1884.30,1,B
13:04:48,1884.30,2,B
13:04:48,1884.30,1,B
13:04:48,1884.20,1,M
13:04:48,1884.20,2,M
13:04:48,1884.10,1,M
13:04:48,1884.10,3,M
13:04:48,1884.10,1,M
13:04:48,1883.80,2,B
13:04:47,1884.10,1,M
13:04:47,1884.10,1,M
13:04:47,1884.00,1,B
13:04:47,1884.00,1,B
13:04:47,1884.00,1,B
13:04:47,1884.00,1,B
13:04:47,1884.10,2,B
13:04:47,1884.10,1,B
13:04:47,1884.10,1,M
13:04:47,1884.10,2,M
13:04:47,1884.10,1,M
13:04:47,1884.10,1,M
13:04:47,1884.10,1,M
13:04:47,1884.10,1,M
13:04:47,1883.90,1,M
13:04:47,1883.90,1,M
13:04:46,1883.80,5,B
13:04:46,1883.90,1,M
13:04:46,1883.80,1,B
13:04:46,1883.60,1,B
13:04:46,1883.50,7,B
13:04:46,1883.50,2,B
13:04:46,1883.60,2,B
13:04:46,1883.60,1,B
13:04:46,1883.60,2,B
13:04:46,1883.60,2,B
13:04:46,1883.60,1,B
13:04:46,1883.60,1,B
13:04:46,1883.60,2,B
13:04:46,1883.60,1,B
13:04:46,1883.70,1,B
13:04:46,1883.70,2,B
13:04:46,1883.70,1,B
13:04:46,1884.20,2,M
13:04:46,1883.50,1,B
13:04:46,1883.50,1,B
13:04:46,1883.50,1,B
13:04:46,1884.30,1,M
13:04:46,1884.20,1,M
13:04:46,1884.20,1,M
13:04:46,1884.20,3,M
13:04:46,1884.10,1,M
13:04:46,1884.00,1,M
13:04:46,1883.60,3,M
13:04:46,1883.50,1,B
13:04:46,1883.50,1,B
13:04:46,1883.80,2,B
13:04:45,1884.00,1,M
13:04:45,1883.80,20,M
13:04:45,1883.80,8,M
13:04:45,1883.80,1,M
13:04:45,1883.80,1,M
13:04:45,1883.50,2,B
13:04:45,1883.50,1,B
13:04:45,1883.80,2,M
13:04:45,1883.80,2,M
13:04:45,1883.80,1,M
13:04:45,1883.80,1,M
13:04:45,1883.80,1,M
13:04:45,1883.80,2,M
13:04:45,1883.50,1,B
13:04:45,1883.50,1,B
13:04:45,1883.50,1,B
13:04:45,1883.80,1,M
13:04:45,1883.80,6,M
13:04:45,1883.70,1,M
13:04:45,1883.70,1,M
13:04:45,1883.50,1,B
13:04:45,1883.50,1,B
13:04:45,1883.50,1,B
13:04:45,1883.80,2,M
13:04:44,1883.50,1,B
13:04:44,1883.80,5,M
13:04:44,1883.50,2,B
13:04:44,1883.80,1,M
13:04:44,1883.80,1,M
13:04:44,1883.60,2,B
13:04:44,1884.00,2,M
13:04:44,1883.60,1,B
13:04:44,1883.60,1,B
13:04:44,1883.60,1,B
13:04:44,1884.00,5,M
13:04:44,1884.00,1,M
13:04:44,1883.70,1,B
13:04:44,1883.70,1,B
13:04:44,1883.70,1,B
13:04:44,1883.70,3,B
13:04:44,1883.80,1,B
13:04:44,1883.80,1,B
13:04:44,1884.00,1,B
13:04:44,1884.00,4,B
13:04:44,1884.00,1,B
13:04:44,1884.00,1,B
13:04:44,1884.00,1,B
13:04:44,1884.00,2,B
13:04:44,1884.00,1,B
13:04:44,1884.00,2,B
13:04:44,1884.00,2,B
13:04:44,1884.00,7,B
13:04:44,1884.00,5,B
13:04:44,1884.00,1,B
13:04:44,1884.00,1,B
13:04:44,1884.00,1,B
13:04:44,1884.00,2,B
13:04:44,1884.00,1,B
13:04:44,1884.00,2,B
13:04:44,1884.00,2,B
13:04:44,1884.00,2,B
13:04:43,1884.00,1,B
13:04:43,1884.00,2,B
13:04:43,1884.00,1,B
13:04:43,1884.00,1,B
13:04:43,1884.00,2,B
13:04:43,1884.00,1,B
13:04:43,1884.00,2,B
13:04:43,1884.00,2,B
13:04:43,1884.00,2,B
13:04:43,1884.00,1,B
13:04:43,1884.00,1,B
13:04:43,1884.00,1,B
13:04:43,1884.00,3,B
13:04:43,1884.00,2,B
13:04:43,1884.00,3,B
13:04:43,1884.00,2,B
13:04:43,1884.00,5,B
13:04:43,1884.00,20,B
13:04:43,1884.00,4,B
13:04:43,1884.00,22,B
13:04:43,1884.10,1,B
13:04:43,1884.30,1,B
13:04:43,1884.60,1,M
13:04:43,1884.50,1,M
13:04:43,1884.00,1,B
13:04:43,1884.00,1,B
13:04:43,1884.00,27,B
13:04:43,1884.10,2,B
13:04:43,1884.10,1,B
13:04:43,1884.20,1,M
13:04:42,1884.60,1,M
13:04:42,1884.30,1,M
13:04:42,1884.00,30,B
13:04:42,1884.00,18,B
13:04:42,1884.10,1,B
13:04:42,1884.10,2,B
13:04:42,1884.10,1,B
13:04:42,1884.10,1,B
13:04:42,1884.10,3,B
13:04:42,1884.10,1,B
13:04:42,1884.10,3,B
13:04:42,1884.00,30,B
13:04:42,1884.70,1,M
13:04:42,1884.70,1,M
13:04:42,1884.70,2,M
13:04:42,1884.60,1,M
13:04:42,1884.60,1,M
13:04:42,1884.40,5,M
13:04:42,1884.40,1,M
13:04:42,1884.40,1,M
13:04:42,1884.40,1,M
13:04:42,1884.40,1,M
13:04:42,1884.40,5,M
13:04:42,1884.40,2,M
13:04:42,1884.30,1,M
13:04:42,1884.30,1,M
13:04:42,1884.30,1,M
13:04:42,1884.30,1,M
13:04:42,1884.30,1,M
13:04:42,1884.20,1,M
13:04:42,1884.00,30,B
13:04:42,1884.00,30,B
13:04:42,1884.20,1,M
13:04:42,1884.00,25,B
13:04:42,1884.10,3,B
13:04:42,1884.20,2,B
13:04:42,1884.40,2,M
13:04:42,1884.30,10,M
13:04:42,1884.30,1,M
13:04:42,1884.30,2,B
13:04:42,1884.30,1,B
13:04:42,1884.30,1,B
13:04:41,1884.40,1,M
13:04:41,1884.30,1,B
13:04:41,1884.40,1,B
13:04:41,1884.70,1,M
13:04:41,1884.70,1,M
13:04:40,1884.90,1,M
13:04:40,1884.80,1,M
13:04:40,1884.10,2,B
13:04:40,1884.10,5,B
13:04:40,1884.10,5,B
13:04:40,1884.10,5,B
13:04:40,1884.10,5,B
13:04:40,1884.10,1,B
13:04:40,1884.10,6,B
13:04:40,1884.10,3,B
13:04:40,1884.20,1,B
13:04:40,1884.30,2,B
13:04:40,1884.30,12,B
13:04:40,1884.40,1,B
13:04:40,1884.60,1,B
13:04:40,1884.60,1,B
13:04:40,1884.20,8,B
13:04:40,1884.30,1,B
13:04:40,1884.60,1,B
13:04:40,1884.60,1,B
13:04:40,1884.60,1,B
13:04:40,1884.60,1,B
13:04:40,1884.70,1,B
13:04:40,1884.70,1,B
13:04:40,1884.70,1,B
13:04:40,1884.80,1,B
13:04:40,1884.80,1,B
13:04:40,1884.90,1,B
13:04:40,1884.90,9,B
13:04:40,1885.00,3,B
13:04:40,1885.00,1,B
13:04:40,1885.00,1,B
13:04:40,1885.00,4,B
13:04:40,1885.10,1,B
13:04:40,1885.20,1,B
13:04:40,1885.20,1,B
13:04:40,1885.20,1,B
13:04:40,1885.30,9,B
13:04:39,1885.40,1,M
13:04:39,1885.30,1,B
13:04:38,1885.40,3,B
13:04:38,1885.80,2,M
13:04:37,1885.30,1,B
13:04:37,1885.40,1,B
13:04:37,1885.30,1,B
13:04:36,1885.50,1,B
13:04:36,1885.50,1,B
13:04:36,1885.80,1,M
13:04:36,1885.80,14,M
13:04:36,1885.70,1,B
13:04:36,1885.70,1,B
13:04:36,1885.70,1,B
13:04:36,1885.70,1,B
13:04:36,1885.70,12,B
13:04:36,1885.80,9,M
13:04:36,1885.70,1,B
13:04:36,1885.70,1,B
13:04:35,1885.80,9,M
13:04:35,1885.70,1,B
13:04:35,1885.70,2,B
13:04:35,1885.70,1,M
13:04:35,1885.70,2,M
13:04:35,1885.70,1,M
13:04:35,1885.70,5,M
13:04:35,1885.60,1,M
13:04:35,1885.60,1,M
13:04:35,1885.60,1,M
13:04:35,1885.60,2,M
13:04:35,1885.50,10,M
13:04:35,1885.50,4,M
13:04:35,1885.50,5,M
13:04:35,1885.50,1,M
13:04:35,1885.50,3,M
13:04:35,1885.50,1,M
13:04:35,1885.00,2,B
13:04:35,1885.00,2,B
13:04:35,1885.40,1,M
13:04:35,1885.00,12,B
13:04:35,1885.00,1,B
13:04:35,1885.00,1,B
13:04:35,1885.00,1,B
13:04:35,1885.00,1,B
13:04:35,1885.10,1,B
13:04:35,1885.10,1,B
13:04:35,1885.20,2,B
13:04:34,1885.50,1,M
13:04:34,1885.50,2,M
13:04:34,1885.50,1,M
13:04:33,1885.50,1,M
13:04:33,1885.50,3,M
13:04:33,1885.50,1,M
13:04:33,1885.50,1,M
13:04:33,1885.50,1,M
13:04:33,1885.50,1,M
13:04:33,1885.30,2,M
13:04:33,1885.30,2,M
13:04:33,1885.30,6,M
13:04:33,1885.30,1,M
13:04:33,1885.30,4,M
13:04:33,1885.10,3,M
13:04:32,1885.00,1,M
13:04:32,1885.00,1,M
13:04:32,1885.00,1,M
13:04:32,1885.00,18,M
13:04:32,1885.00,25,M
13:04:32,1885.00,9,M
13:04:32,1885.00,8,M
13:04:32,1884.90,1,M
13:04:32,1884.90,20,M
13:04:32,1884.90,6,M
13:04:32,1884.60,1,M
13:04:32,1884.30,1,B
13:04:32,1884.50,1,B
13:04:32,1884.50,1,B
13:04:32,1884.50,1,B
13:04:32,1884.60,1,B
13:04:32,1884.90,1,M
13:04:32,1884.80,1,M
13:04:32,1884.70,1,M
13:04:32,1884.70,1,M
13:04:32,1884.70,1,M
13:04:32,1884.70,3,M
13:04:31,1884.70,1,B
13:04:31,1884.70,1,B
13:04:31,1884.80,1,B
13:04:31,1884.90,1,M
13:04:31,1884.80,1,B
13:04:31,1884.80,1,B
13:04:31,1884.90,1,B
13:04:31,1885.00,1,M
13:04:31,1885.30,1,M
13:04:31,1884.90,1,B
13:04:31,1885.20,1,B
13:04:30,1885.00,1,B
13:04:30,1885.00,1,B
13:04:30,1885.00,8,B
13:04:30,1885.30,2,M
13:04:30,1885.00,1,B
13:04:30,1885.00,1,B
13:04:30,1885.00,3,B
13:04:29,1885.00,1,B
13:04:28,1885.30,1,M
13:04:28,1885.00,3,B
13:04:27,1885.00,1,M
13:04:27,1885.00,2,M
13:04:26,1885.00,1,M
13:04:26,1885.00,1,M
13:04:26,1884.90,9,B
13:04:26,1884.90,1,B
13:04:26,1884.90,5,B
13:04:26,1884.90,1,B
13:04:26,1884.90,1,B
13:04:26,1884.90,1,B
13:04:26,1884.90,1,B
13:04:26,1884.90,2,B
13:04:26,1884.90,1,M
13:04:26,1884.90,1,M
13:04:26,1884.90,1,M
13:04:26,1884.90,2,M
13:04:26,1884.90,1,M
13:04:26,1884.90,7,M
13:04:26,1884.80,1,M
13:04:26,1884.80,1,M
13:04:26,1884.70,4,M
13:04:26,1884.60,2,M
13:04:26,1884.60,1,M
13:04:26,1884.60,2,M
13:04:26,1884.60,16,M
13:04:26,1884.30,2,M
13:04:26,1884.10,2,B
13:04:26,1884.20,1,B
13:04:26,1884.30,4,M
13:04:25,1884.50,4,B
13:04:25,1884.60,1,M
13:04:25,1884.50,9,B
13:04:25,1884.50,2,B
13:04:25,1884.50,1,B
13:04:25,1884.50,2,M
13:04:25,1884.50,2,M
13:04:24,1884.00,3,B
13:04:24,1884.60,1,M
13:04:24,1884.00,7,B
13:04:24,1884.10,1,B
13:04:24,1884.10,1,B
13:04:24,1884.10,45,B
13:04:24,1884.10,5,B
13:04:24,1884.10,1,B
13:04:24,1884.10,1,B
13:04:24,1884.10,2,B
13:04:24,1884.20,1,B
13:04:24,1884.20,1,B
13:04:24,1884.20,1,B
13:04:24,1884.30,2,B
13:04:24,1884.30,1,B
13:04:24,1884.30,1,B
13:04:24,1884.30,1,B
13:04:24,1884.30,1,B
13:04:24,1884.30,1,B
13:04:24,1884.50,2,B
13:04:24,1884.50,10,B
13:04:24,1884.50,1,B
13:04:24,1884.50,6,B
13:04:24,1884.50,1,B
13:04:24,1884.50,3,B
13:04:24,1884.70,1,M
13:04:24,1884.60,1,B
13:04:23,1884.60,1,B
13:04:23,1884.70,2,M
13:04:22,1884.80,2,M
13:04:22,1884.30,2,B
13:04:22,1884.30,2,B
13:04:22,1884.50,1,B
13:04:22,1884.50,12,B
13:04:22,1884.50,1,B
13:04:22,1884.70,4,M
13:04:22,1884.70,2,M
13:04:22,1884.40,4,B
13:04:22,1884.50,2,B
13:04:22,1884.50,4,B
13:04:22,1884.50,1,B
13:04:22,1884.50,1,B
13:04:22,1884.50,1,B
13:04:21,1884.50,1,B
13:04:21,1885.00,1,M
13:04:21,1885.00,9,M
13:04:21,1885.00,5,M
13:04:21,1885.00,6,M
13:04:21,1884.40,5,B
13:04:21,1884.40,12,B
13:04:21,1884.50,1,B
13:04:21,1884.50,1,B
13:04:21,1884.50,1,B
13:04:21,1885.00,1,M
13:04:21,1885.00,1,M
13:04:21,1885.00,19,M
13:04:21,1884.90,1,M
13:04:21,1884.50,1,B
13:04:21,1884.70,1,B
13:04:21,1884.50,1,B
13:04:21,1884.50,1,B
13:04:21,1884.50,1,B
13:04:20,1884.50,1,B
13:04:20,1884.50,1,B
13:04:20,1884.50,2,B
13:04:20,1884.60,1,B
13:04:20,1885.00,94,M
13:04:20,1884.90,1,M
13:04:20,1884.90,5,M
13:04:20,1884.60,5,B
13:04:20,1884.60,1,B
13:04:20,1884.70,1,B
13:04:20,1884.90,1,M
13:04:19,1884.90,4,M
13:04:19,1884.90,6,M
13:04:19,1884.90,1,M
13:04:19,1884.70,1,B
13:04:18,1884.60,2,B
13:04:18,1884.70,1,B
13:04:18,1884.70,5,B
13:04:18,1884.90,2,M
13:04:18,1884.90,1,M
13:04:17,1884.70,3,B
13:04:17,1884.70,1,B
13:04:17,1884.70,1,B
13:04:17,1884.90,2,M
13:04:17,1884.90,1,M
13:04:17,1884.70,1,B
13:04:17,1884.80,8,B
13:04:17,1884.90,1,M
13:04:17,1885.00,13,M
13:04:17,1884.90,1,M
13:04:17,1884.90,1,M
13:04:17,1884.90,1,M
13:04:17,1884.90,1,M
13:04:17,1884.90,8,B
13:04:17,1884.90,5,B
13:04:17,1885.00,1,M
13:04:17,1885.00,1,B
13:04:17,1885.00,3,B
13:04:17,1885.00,1,B
13:04:17,1885.00,2,B
13:04:17,1885.00,2,B
13:04:17,1885.00,1,B
13:04:17,1885.00,3,B
13:04:17,1885.00,1,B
13:04:17,1885.00,3,B
13:04:17,1885.00,1,B
13:04:17,1885.00,1,B
13:04:17,1885.00,1,B
13:04:17,1885.00,1,B
13:04:17,1885.00,5,B
13:04:17,1885.00,1,B
13:04:17,1885.00,1,B
13:04:17,1885.00,1,B
13:04:17,1885.00,4,B
13:04:17,1885.00,1,B
13:04:17,1885.00,31,B
13:04:16,1885.00,10,B
13:04:16,1885.10,1,B
13:04:16,1885.00,1,B
13:04:16,1885.40,2,B
13:04:16,1885.00,5,B
13:04:16,1885.30,1,B
13:04:16,1885.50,2,M
13:04:15,1885.50,1,M
13:04:15,1885.50,1,M
13:04:15,1885.00,9,B
13:04:15,1885.00,1,B
13:04:15,1885.00,9,B
13:04:15,1885.00,15,B
13:04:15,1885.00,6,B
13:04:15,1885.10,2,B
13:04:15,1885.10,1,B
13:04:15,1885.40,1,M
13:04:15,1885.40,1,M
13:04:15,1885.40,1,M
13:04:15,1885.40,2,M
13:04:14,1885.10,1,B
13:04:14,1885.40,2,M
13:04:14,1885.10,1,B
13:04:14,1885.10,1,B
13:04:14,1885.10,3,B
13:04:14,1885.10,1,B
13:04:14,1885.10,1,B
13:04:14,1885.10,1,B
13:04:14,1885.20,1,B
13:04:14,1885.20,1,B
13:04:14,1885.40,1,M
13:04:14,1885.40,1,M
13:04:13,1885.40,1,M
13:04:13,1885.40,1,M
13:04:13,1885.30,1,B
13:04:13,1885.30,1,B
13:04:13,1885.30,10,B
13:04:13,1885.30,1,B
13:04:13,1885.40,1,B
13:04:13,1885.70,2,M
13:04:13,1885.70,1,M
13:04:13,1885.50,1,B
13:04:13,1885.50,1,B
13:04:13,1885.50,2,B
13:04:13,1885.50,3,B
13:04:12,1885.50,7,B
13:04:12,1885.50,1,B
13:04:12,1885.50,5,B
13:04:12,1885.50,2,B
13:04:12,1885.50,5,B
13:04:12,1885.50,20,B
13:04:12,1885.70,1,M
13:04:12,1885.50,7,B
13:04:12,1885.50,20,B
13:04:12,1885.70,1,M
13:04:12,1885.50,1,B
13:04:12,1885.70,1,M
13:04:12,1885.70,1,M
13:04:12,1885.50,2,B
13:04:11,1885.60,5,B
13:04:11,1885.50,5,B
13:04:11,1885.50,12,B
13:04:11,1885.50,1,B
13:04:11,1885.50,1,B
13:04:11,1885.50,1,B
13:04:10,1885.50,1,B
13:04:10,1885.50,1,B
13:04:10,1885.50,3,B
13:04:10,1885.50,1,B
13:04:10,1885.50,1,B
13:04:10,1885.50,10,B
13:04:10,1885.80,4,M
13:04:10,1885.70,1,M
13:04:09,1885.50,1,B
13:04:09,1885.60,1,B
13:04:09,1885.50,1,B
13:04:09,1885.70,3,M
13:04:08,1885.50,6,B
13:04:08,1885.80,1,M
13:04:08,1885.70,1,M
13:04:08,1885.60,1,B
13:04:08,1885.60,1,B
13:04:08,1885.60,9,B
13:04:08,1885.60,1,B
13:04:08,1885.70,1,B
13:04:08,1885.70,3,B
13:04:08,1885.80,14,B
13:04:08,1885.80,2,B
13:04:08,1885.80,1,B
13:04:08,1885.80,5,B
13:04:08,1885.90,1,B
13:04:08,1885.90,1,B
13:04:08,1886.20,1,M
13:04:08,1885.90,1,B
13:04:08,1886.20,1,M
13:04:08,1886.00,1,B
13:04:08,1886.00,1,B
13:04:07,1886.00,8,B
13:04:07,1886.00,1,M
13:04:07,1886.00,2,B
13:04:07,1886.00,1,B
13:04:07,1886.00,1,B
13:04:07,1886.00,1,B
13:04:07,1886.00,1,B
13:04:07,1886.20,1,M
13:04:07,1886.00,1,B
13:04:07,1886.00,1,B
13:04:07,1886.00,1,B
13:04:07,1886.00,1,B
13:04:07,1886.00,1,B
13:04:07,1886.00,1,B
13:04:07,1886.00,1,B
13:04:07,1886.00,1,B
13:04:07,1886.00,1,B
13:04:06,1886.20,2,M
13:04:06,1886.20,1,M
13:04:06,1886.10,1,B
13:04:06,1886.10,1,B
13:04:06,1886.10,1,B
13:04:06,1886.40,9,M
13:04:06,1886.40,1,B
13:04:06,1886.40,1,B
13:04:06,1886.40,1,B
13:04:06,1886.40,1,B
13:04:06,1886.40,1,B
13:04:06,1886.40,1,B
13:04:06,1886.40,1,B
13:04:06,1886.40,1,B
13:04:06,1886.40,1,B
13:04:06,1886.40,1,B
13:04:06,1886.40,1,B
13:04:06,1886.40,1,B
13:04:06,1886.00,1,B
13:04:06,1886.00,1,B
13:04:06,1886.00,1,B
13:04:06,1886.00,1,B
13:04:06,1886.00,1,B
13:04:06,1886.10,1,B
13:04:06,1886.10,1,B
13:04:06,1886.20,1,B
13:04:06,1886.20,1,B
13:04:06,1886.20,1,B
13:04:05,1886.60,2,M
13:04:05,1886.60,1,M
13:04:05,1886.60,1,M
13:04:05,1886.50,1,M
13:04:05,1886.20,1,B
13:04:05,1886.50,1,B
13:04:04,1886.20,1,B
13:04:04,1886.50,1,M
13:04:04,1886.50,1,B
13:04:04,1886.80,1,M
13:04:04,1886.80,2,M
13:04:03,1886.70,1,M
13:04:03,1886.60,1,M
13:04:03,1886.60,1,M
13:04:03,1886.60,1,M
13:04:03,1886.90,1,M
13:04:03,1886.80,1,M
13:04:03,1886.80,1,M
13:04:03,1886.70,1,M
13:04:03,1886.70,2,M
13:04:02,1886.80,1,M
13:04:02,1886.40,1,B
13:04:02,1886.40,2,B
13:04:02,1886.50,3,B
13:04:02,1886.80,10,M
13:04:01,1886.80,1,M
13:04:01,1887.00,2,M
13:04:01,1887.00,1,M
13:04:01,1886.90,3,M
13:04:01,1886.40,1,B
13:04:01,1886.50,4,B
13:04:01,1886.70,1,B
13:04:01,1886.70,1,B
13:04:01,1886.70,1,B
13:04:01,1886.80,1,B
13:04:01,1886.80,1,B
13:04:01,1887.00,2,M
13:04:01,1887.00,1,M
13:04:01,1887.00,1,M
13:04:01,1887.00,2,B
13:04:01,1887.20,1,M
13:04:01,1887.00,1,B
13:04:00,1887.00,14,B
13:04:00,1887.20,1,M
13:04:00,1887.00,2,B
13:04:00,1887.00,1,B
13:04:00,1887.00,1,B
13:04:00,1887.00,2,B
13:04:00,1887.00,2,B
13:04:00,1887.00,1,B
13:04:00,1887.00,1,B
13:04:00,1887.00,1,B
13:04:00,1887.20,1,B
13:03:59,1887.20,1,M
13:03:59,1887.20,1,M
13:03:59,1887.20,3,M
13:03:59,1887.20,2,M
13:03:59,1887.20,2,M
13:03:59,1887.20,1,M
13:03:58,1887.00,9,B
13:03:58,1887.20,1,M
13:03:58,1887.20,7,M
13:03:58,1887.10,1,M
13:03:58,1887.10,1,M
13:03:58,1887.00,1,B
13:03:58,1887.10,1,M
13:03:57,1887.00,2,B
13:03:57,1887.00,1,M
13:03:57,1887.00,1,M
13:03:57,1887.00,1,M
13:03:57,1887.00,1,M
13:03:57,1887.00,4,M
13:03:57,1887.00,2,M
13:03:57,1887.00,1,M
13:03:57,1887.00,6,M
13:03:57,1887.00,1,M
13:03:57,1887.00,1,M
13:03:57,1887.00,1,M
13:03:57,1887.00,1,M
13:03:57,1887.00,1,M
13:03:57,1886.90,1,M
13:03:57,1886.90,1,M
13:03:57,1886.90,1,M
13:03:57,1886.90,1,M
13:03:57,1886.90,1,M
13:03:57,1886.90,1,M
13:03:57,1886.90,10,M
13:03:57,1886.90,1,M
13:03:57,1886.80,1,M
13:03:57,1886.80,1,M
13:03:57,1886.70,1,M
13:03:57,1886.70,1,M
13:03:57,1886.70,1,M
13:03:57,1886.70,2,M
13:03:57,1886.70,1,M
13:03:57,1886.60,5,M
13:03:57,1886.60,3,M
13:03:57,1886.50,1,M
13:03:57,1886.50,1,M
13:03:57,1886.50,1,M
13:03:57,1886.50,1,M
13:03:57,1886.40,1,M
13:03:57,1886.30,1,M
13:03:56,1886.30,1,M
13:03:56,1886.30,1,M
13:03:56,1886.30,1,M
13:03:56,1886.30,7,M
13:03:56,1886.20,1,B
13:03:56,1886.30,9,M
13:03:55,1886.00,1,B
13:03:55,1886.20,1,M
13:03:55,1886.00,2,M
13:03:55,1886.00,2,M
13:03:55,1886.00,5,M
13:03:55,1886.00,5,M
13:03:55,1886.00,2,M
13:03:55,1885.90,1,M
13:03:55,1885.90,1,M
13:03:55,1885.80,2,M
13:03:54,1885.80,2,M
13:03:54,1885.50,8,B
13:03:54,1885.70,1,B
13:03:54,1885.70,1,B
13:03:54,1885.80,1,M
13:03:54,1885.80,2,M
13:03:53,1885.80,2,M
13:03:53,1885.80,1,M
13:03:53,1885.50,2,B
13:03:53,1885.60,6,B
13:03:53,1885.70,1,B
13:03:53,1885.70,1,B
13:03:52,1885.90,1,M
13:03:52,1885.90,6,M
13:03:52,1885.80,1,M
13:03:52,1885.70,1,M
13:03:52,1885.60,4,B
13:03:52,1885.60,1,B
13:03:52,1885.60,1,B
13:03:52,1885.70,1,M
13:03:51,1885.50,5,B
13:03:51,1885.80,2,M
13:03:51,1885.60,1,M
13:03:51,1885.50,1,B
13:03:50,1885.50,1,B
13:03:49,1885.10,1,B
13:03:49,1885.10,1,B
13:03:49,1885.20,2,B
13:03:49,1885.20,1,B
13:03:49,1885.20,1,B
13:03:49,1885.30,2,B
13:03:49,1885.40,2,B
13:03:49,1885.60,1,M
13:03:49,1885.60,2,M
13:03:49,1885.60,8,M
13:03:49,1885.60,1,M
13:03:49,1885.60,1,M
13:03:48,1885.60,3,M
13:03:48,1885.60,1,M
13:03:48,1885.50,2,M
13:03:48,1885.30,1,B
13:03:48,1885.40,1,B
13:03:48,1885.80,1,M
13:03:48,1885.60,1,M
13:03:47,1885.30,1,B
13:03:47,1885.30,1,B
13:03:47,1885.40,1,B
13:03:47,1885.60,1,M
13:03:47,1885.60,3,M
13:03:47,1885.40,1,B
13:03:47,1885.60,2,M
13:03:47,1885.50,1,M
13:03:47,1885.40,1,B
13:03:47,1885.50,1,M
13:03:47,1885.50,1,M
13:03:47,1885.60,1,M
13:03:47,1885.50,1,B
13:03:47,1885.50,1,B
13:03:46,1885.60,1,M
13:03:46,1885.60,1,B
13:03:46,1885.60,1,B
13:03:46,1885.70,1,B
13:03:46,1885.70,1,B
13:03:46,1885.90,2,M
13:03:46,1885.90,1,M
13:03:46,1886.20,1,M
13:03:46,1885.70,4,B
13:03:46,1885.80,1,B
13:03:46,1886.00,1,B
13:03:46,1886.00,1,B
13:03:46,1886.00,1,B
13:03:46,1886.00,2,B
13:03:46,1886.00,2,B
13:03:46,1886.10,1,B
13:03:46,1886.10,4,B
13:03:46,1886.10,2,B
13:03:46,1886.10,1,B
13:03:46,1886.30,1,M
13:03:46,1886.30,1,M
13:03:46,1886.30,1,M
13:03:46,1886.20,1,M
13:03:45,1886.10,1,B
13:03:45,1886.10,1,B
13:03:45,1886.30,3,M
13:03:45,1886.30,1,M
13:03:45,1886.30,2,M
13:03:45,1886.20,1,M
13:03:45,1886.20,1,M
13:03:44,1886.20,1,B
13:03:44,1886.70,1,M
13:03:44,1886.00,3,B
13:03:44,1886.10,1,B
13:03:44,1886.10,2,B
13:03:44,1886.10,1,B
13:03:44,1886.20,2,B
13:03:44,1886.30,1,B
13:03:44,1886.70,1,M
13:03:44,1886.70,1,M
13:03:44,1886.60,2,M
13:03:44,1886.50,5,M
13:03:44,1886.50,5,M
13:03:44,1886.50,1,M
13:03:44,1886.50,2,M
13:03:44,1886.50,2,M
13:03:44,1886.20,1,B
13:03:43,1886.00,1,B
13:03:43,1886.60,1,M
13:03:43,1886.60,1,M
13:03:43,1886.50,4,M
13:03:43,1886.50,1,M
13:03:43,1886.40,1,M
13:03:43,1886.40,1,M
13:03:43,1886.40,1,M
13:03:43,1886.40,5,M
13:03:43,1886.30,1,M
13:03:43,1885.80,1,B
13:03:43,1886.30,1,M
13:03:43,1885.90,1,M
13:03:43,1886.30,2,M
13:03:43,1886.30,6,M
13:03:43,1886.30,1,M
13:03:43,1886.30,1,M
13:03:43,1886.20,8,M
13:03:43,1886.10,1,M
13:03:43,1886.10,1,M
13:03:43,1886.00,1,B
13:03:42,1886.20,2,M
13:03:42,1886.00,1,B
13:03:42,1885.90,1,B
13:03:42,1885.90,1,B
13:03:42,1885.90,14,B
13:03:42,1885.90,3,B
13:03:42,1886.30,11,B
13:03:42,1885.90,3,B
13:03:42,1886.00,1,B
13:03:42,1886.00,1,B
13:03:42,1886.00,45,B
13:03:41,1886.40,1,B
13:03:41,1886.50,1,M
13:03:41,1886.50,3,M
13:03:41,1886.00,2,B
13:03:41,1886.10,1,B
13:03:41,1886.10,1,B
13:03:41,1886.50,1,M
13:03:41,1886.40,1,M
13:03:41,1886.40,1,M
13:03:41,1886.40,1,M
13:03:41,1886.10,1,B
13:03:40,1886.10,1,B
13:03:40,1886.50,1,M
13:03:40,1886.00,48,B
13:03:40,1886.20,1,B
13:03:40,1886.20,1,B
13:03:40,1886.50,2,M
13:03:39,1886.50,2,M
13:03:39,1886.50,1,M
13:03:39,1886.50,1,M
13:03:39,1886.50,1,M
13:03:39,1886.50,1,M
13:03:39,1886.00,5,B
13:03:39,1886.10,1,B
13:03:39,1886.10,1,B
13:03:39,1886.20,4,B
13:03:39,1886.20,2,B
13:03:39,1886.20,2,B
13:03:39,1886.40,1,M
13:03:38,1886.30,1,B
13:03:38,1886.40,2,B
13:03:38,1885.90,15,B
13:03:38,1886.00,1,B
13:03:38,1886.00,1,B
13:03:38,1886.00,1,B
13:03:38,1886.00,2,B
13:03:38,1886.10,1,B
13:03:38,1886.10,1,B
13:03:38,1886.10,2,B
13:03:38,1886.10,1,B
13:03:38,1886.20,1,B
13:03:38,1886.20,1,B
13:03:38,1886.30,1,B
13:03:38,1886.90,1,M
13:03:38,1886.80,1,M
13:03:38,1886.80,1,M
13:03:38,1886.80,1,M
13:03:38,1886.70,1,M
13:03:38,1886.70,1,M
13:03:38,1886.50,1,M
13:03:38,1886.40,1,B
13:03:37,1886.00,1,B
13:03:37,1886.00,1,B
13:03:37,1886.00,1,B
13:03:37,1886.00,1,B
13:03:37,1886.00,1,B
13:03:37,1886.00,1,B
13:03:37,1886.10,1,B
13:03:37,1886.10,1,B
13:03:37,1886.10,2,B
13:03:37,1886.20,2,B
13:03:37,1886.20,1,B
13:03:37,1886.20,1,B
13:03:37,1886.20,1,B
13:03:37,1886.20,2,B
13:03:37,1886.30,1,B
13:03:37,1886.40,1,B
13:03:37,1886.40,1,B
13:03:37,1886.40,1,B
13:03:37,1886.90,1,M
13:03:37,1886.50,2,M
13:03:37,1886.50,1,M
13:03:37,1886.50,1,M
13:03:37,1886.50,1,M
13:03:37,1886.50,2,M
13:03:37,1886.50,1,M
13:03:36,1886.50,1,B
13:03:36,1886.70,1,B
13:03:36,1886.90,1,M
13:03:36,1886.90,6,M
13:03:36,1886.90,8,M
13:03:36,1886.80,2,M
13:03:36,1886.80,23,M
13:03:36,1886.80,7,M
13:03:36,1886.80,1,M
13:03:36,1886.70,1,M
13:03:36,1886.70,2,M
13:03:36,1886.70,3,M
13:03:36,1886.60,2,M
13:03:36,1886.60,4,M
13:03:35,1886.60,1,M
13:03:35,1886.50,2,B
13:03:35,1886.50,1,B
13:03:35,1886.50,5,B
13:03:35,1886.60,3,M
13:03:35,1886.60,2,M
13:03:35,1886.50,1,B
13:03:35,1886.60,1,M
13:03:35,1886.60,2,B
13:03:34,1886.70,3,M
13:03:34,1886.50,1,B
13:03:34,1886.50,1,B
13:03:34,1886.50,1,B
13:03:34,1886.60,1,M
13:03:34,1886.50,1,B
13:03:34,1886.50,1,B
13:03:34,1886.70,1,M
13:03:33,1886.50,10,B
13:03:33,1886.70,1,M
13:03:33,1886.20,7,B
13:03:33,1886.30,1,B
13:03:33,1886.30,1,B
13:03:33,1886.30,2,B
13:03:33,1886.30,5,B
13:03:33,1886.30,1,B
13:03:33,1886.30,1,B
13:03:33,1886.40,1,B
13:03:33,1886.40,1,B
13:03:33,1886.40,1,B
13:03:33,1886.40,1,B
13:03:33,1886.40,1,B
13:03:33,1886.40,1,B
13:03:33,1886.40,1,B
13:03:33,1886.90,5,M
13:03:33,1886.40,2,B
13:03:33,1886.90,1,M
13:03:33,1886.90,2,M
13:03:33,1886.90,2,M
13:03:32,1886.70,1,M
13:03:32,1886.40,1,B
13:03:32,1886.70,1,M
13:03:32,1886.70,1,B
13:03:32,1886.70,1,B
13:03:32,1886.80,1,B
13:03:32,1886.80,1,M
13:03:32,1886.80,9,B
13:03:32,1886.90,1,M
13:03:32,1886.80,1,M
13:03:32,1886.80,1,M
13:03:32,1886.80,1,M
13:03:32,1886.80,1,M
13:03:32,1886.80,1,M
13:03:32,1886.60,1,M
13:03:32,1886.60,1,M
13:03:31,1886.30,2,B
13:03:31,1886.30,1,B
13:03:31,1886.30,1,B
13:03:31,1886.30,1,B
13:03:31,1886.40,1,B
13:03:31,1886.40,1,B
13:03:31,1886.80,1,M
13:03:31,1886.80,2,M
13:03:30,1886.40,1,B
13:03:30,1886.60,1,B
13:03:30,1886.70,2,B
13:03:30,1886.80,1,M
13:03:30,1886.80,1,M
13:03:30,1886.70,2,B
13:03:30,1886.70,2,B
13:03:30,1886.80,1,M
13:03:30,1886.70,1,B
13:03:29,1886.70,1,M
13:03:29,1886.40,1,B
13:03:29,1886.40,2,B
13:03:29,1886.40,1,B
13:03:29,1886.40,1,B
13:03:29,1886.40,1,B
13:03:29,1886.60,1,M
13:03:29,1886.30,1,B
13:03:29,1886.30,1,B
13:03:29,1886.20,17,B
13:03:29,1886.30,1,B
13:03:29,1886.30,1,B
13:03:29,1886.30,2,B
13:03:29,1886.30,2,B
13:03:29,1886.30,1,B
13:03:29,1886.50,1,B
13:03:29,1886.80,1,M
13:03:28,1886.40,1,B
13:03:28,1886.40,2,B
13:03:28,1886.70,1,B
13:03:28,1886.80,3,M
13:03:28,1886.50,1,B
13:03:28,1886.60,2,B
13:03:28,1886.70,1,B
13:03:28,1886.70,1,B
13:03:28,1886.70,1,B
13:03:28,1886.70,1,B
13:03:28,1886.70,1,B
13:03:28,1886.70,1,B
13:03:28,1886.80,2,M
13:03:28,1886.80,1,M
13:03:27,1886.70,1,B
13:03:27,1886.80,1,M
13:03:27,1887.20,2,M
13:03:27,1887.20,2,M
13:03:27,1887.20,1,M
13:03:27,1887.10,2,M
13:03:27,1887.00,1,M
13:03:27,1887.00,1,M
13:03:27,1887.00,1,M
13:03:27,1887.20,6,M
13:03:27,1887.00,1,M
13:03:27,1887.00,1,M
13:03:27,1887.00,5,M
13:03:27,1887.00,6,M
13:03:27,1887.00,2,M
13:03:27,1887.00,2,M
13:03:27,1887.00,3,M
13:03:27,1887.00,1,M
13:03:27,1887.00,2,M
13:03:27,1887.00,5,M
13:03:27,1887.00,2,M
13:03:27,1887.00,2,M
13:03:27,1886.90,1,M
13:03:27,1886.70,18,M
13:03:27,1886.70,1,M
13:03:27,1886.60,1,M
13:03:27,1886.50,1,M
13:03:27,1886.20,14,M
13:03:26,1886.20,1,M
13:03:26,1886.20,1,M
13:03:26,1886.20,1,M
13:03:26,1886.20,2,M
13:03:26,1886.10,1,B
13:03:26,1886.20,1,M
13:03:25,1886.20,1,M
13:03:25,1886.10,1,B
13:03:25,1886.20,1,M
13:03:25,1886.20,3,M
13:03:25,1886.50,1,M
13:03:25,1886.10,1,M
13:03:25,1886.60,1,M
13:03:25,1886.60,1,M
13:03:25,1886.60,1,M
13:03:25,1886.50,1,M
13:03:25,1886.50,1,M
13:03:25,1886.50,1,M
13:03:25,1886.40,1,M
13:03:25,1886.40,6,M
13:03:25,1886.30,1,M
13:03:25,1886.20,1,M
13:03:25,1886.20,1,M
13:03:25,1886.10,1,M
13:03:25,1886.10,1,M
13:03:25,1886.10,1,M
13:03:25,1885.90,3,B
13:03:25,1886.00,1,B
13:03:24,1885.90,2,B
13:03:24,1885.90,2,B
13:03:24,1885.50,5,B
13:03:24,1885.50,2,B
13:03:24,1885.50,2,B
13:03:24,1886.00,1,B
13:03:24,1886.30,1,M
13:03:24,1886.20,1,M
13:03:24,1885.60,1,B
13:03:24,1885.60,1,B
13:03:24,1885.60,4,B
13:03:24,1885.60,2,B
13:03:24,1885.70,1,B
13:03:24,1885.80,1,B
13:03:24,1886.20,1,M
13:03:24,1886.10,3,M
13:03:24,1886.10,3,M
13:03:24,1886.10,2,M
13:03:24,1886.00,1,M
13:03:24,1886.00,1,M
13:03:24,1885.90,1,M
13:03:24,1885.80,1,M
13:03:24,1885.80,1,M
13:03:24,1885.80,1,M
13:03:24,1885.80,1,M
13:03:24,1885.80,1,B
13:03:24,1885.40,14,B
13:03:24,1885.40,5,B
13:03:24,1885.50,2,B
13:03:24,1885.50,1,B
13:03:24,1885.50,1,B
13:03:24,1885.50,1,B
13:03:24,1885.60,3,B
13:03:24,1885.60,3,B
13:03:24,1885.70,1,B
13:03:23,1885.40,10,B
13:03:23,1885.50,1,B
13:03:23,1885.50,1,B
13:03:23,1885.50,1,B
13:03:23,1885.50,1,B
13:03:23,1886.20,1,M
13:03:23,1886.10,1,M
13:03:23,1886.10,1,M
13:03:23,1886.10,1,M
13:03:23,1886.00,1,M
13:03:23,1886.00,1,M
13:03:23,1886.00,3,M
13:03:23,1886.00,5,M
13:03:23,1886.00,2,M
13:03:23,1885.90,1,M
13:03:23,1885.90,1,M
13:03:23,1885.90,2,M
13:03:23,1885.90,2,M
13:03:23,1885.90,1,M
13:03:23,1885.90,1,M
13:03:23,1885.40,1,B
13:03:23,1885.90,1,M
13:03:23,1885.90,1,M
13:03:23,1885.90,2,M
13:03:23,1885.90,1,M
13:03:23,1885.90,1,M
13:03:23,1885.80,1,M
13:03:23,1885.80,1,M
13:03:23,1885.80,1,M
13:03:23,1885.80,2,M
13:03:23,1885.80,9,M
13:03:23,1885.60,14,M
13:03:23,1885.50,4,M
13:03:23,1885.50,1,M
13:03:22,1885.40,1,B
13:03:22,1885.40,1,B
13:03:22,1885.50,1,M
13:03:22,1885.40,1,B
13:03:22,1885.50,1,M
13:03:22,1885.50,1,M
13:03:22,1885.50,2,M
13:03:21,1885.40,1,B
13:03:21,1885.50,2,M
13:03:21,1885.60,2,M
13:03:21,1885.60,1,M
13:03:21,1885.60,1,M
13:03:21,1885.40,1,B
13:03:21,1885.80,1,M
13:03:21,1885.50,1,B
13:03:21,1885.40,3,B
13:03:21,1885.70,1,M
13:03:21,1885.70,1,M
13:03:21,1885.40,1,B
13:03:20,1885.70,1,M
13:03:20,1885.50,1,M
13:03:20,1885.60,1,M
13:03:20,1885.60,1,M
13:03:20,1885.60,1,M
13:03:20,1885.20,1,B
13:03:20,1885.80,2,M
13:03:20,1885.70,1,M
13:03:20,1885.70,1,M
13:03:20,1885.40,1,M
13:03:19,1885.20,1,B
13:03:19,1885.00,2,B
13:03:19,1885.00,1,B
13:03:19,1885.00,9,B
13:03:19,1885.10,1,B
13:03:19,1885.10,1,B
13:03:19,1885.10,1,B
13:03:19,1885.20,1,M
13:03:19,1885.10,1,M
13:03:19,1885.00,1,B
13:03:19,1884.40,1,B
13:03:19,1885.90,1,M
13:03:19,1885.00,1,M
13:03:19,1886.00,1,M
13:03:19,1886.00,3,M
13:03:19,1886.00,2,M
13:03:19,1884.30,2,B
13:03:19,1884.30,1,B
13:03:19,1884.30,2,B
13:03:19,1884.30,1,B
13:03:19,1884.40,1,B
13:03:19,1884.50,1,B
13:03:19,1884.50,1,B
13:03:19,1884.60,6,B
13:03:19,1884.80,1,B
13:03:19,1884.90,1,B
13:03:19,1884.90,5,B
13:03:19,1885.00,1,B
13:03:19,1885.00,5,B
13:03:19,1885.00,1,B
13:03:19,1885.00,2,B
13:03:19,1885.00,3,B
13:03:19,1885.10,1,B
13:03:19,1885.10,1,B
13:03:19,1885.10,2,B
13:03:19,1885.20,1,B
13:03:19,1885.20,1,B
13:03:19,1885.20,1,B
13:03:19,1885.20,1,B
13:03:19,1885.20,1,B
13:03:19,1885.30,1,B
13:03:19,1885.30,1,B
13:03:19,1885.40,1,B
13:03:19,1885.40,1,B
13:03:19,1885.50,1,B
13:03:19,1885.50,2,B
13:03:19,1886.00,1,M
13:03:19,1886.00,1,M
13:03:19,1885.90,2,M
13:03:19,1886.00,5,M
13:03:19,1885.40,1,B
13:03:19,1885.90,1,M
13:03:19,1885.50,1,B
13:03:18,1885.90,1,M
13:03:18,1885.80,1,M
13:03:18,1885.80,1,M
13:03:18,1885.80,1,M
13:03:18,1885.80,1,M
13:03:18,1885.60,1,M
13:03:18,1885.60,1,M
13:03:18,1885.60,1,B
13:03:18,1885.70,1,M
13:03:18,1884.90,4,B
13:03:18,1884.90,1,B
13:03:18,1884.90,1,B
13:03:18,1884.90,18,B
13:03:18,1885.00,1,B
13:03:18,1885.00,1,B
13:03:18,1885.00,1,B
13:03:18,1885.00,2,B
13:03:18,1885.10,1,B
13:03:18,1885.10,1,B
13:03:18,1885.20,1,B
13:03:18,1885.30,1,B
13:03:18,1885.30,1,B
13:03:18,1885.40,1,B
13:03:18,1885.40,1,B
13:03:18,1885.40,1,B
13:03:18,1885.40,1,B
13:03:18,1885.40,9,B
13:03:18,1885.50,2,B
13:03:18,1885.50,1,B
13:03:18,1885.80,3,M
13:03:18,1885.70,1,M
13:03:18,1885.70,1,M
13:03:18,1885.70,1,M
13:03:18,1885.70,1,M
13:03:18,1885.60,1,M
13:03:18,1885.60,1,M
13:03:18,1885.50,1,M
13:03:18,1885.40,11,M
13:03:18,1885.40,1,M
13:03:18,1885.20,7,M
13:03:18,1885.10,1,M
13:03:18,1885.10,1,M
13:03:17,1885.10,1,M
13:03:17,1885.00,1,M
13:03:17,1885.00,3,M
13:03:17,1884.90,1,B
13:03:17,1884.90,2,B
13:03:17,1885.00,6,M
13:03:17,1885.00,2,M
13:03:16,1885.00,3,M
13:03:16,1885.00,1,M
13:03:16,1884.90,1,B
13:03:16,1885.00,2,M
13:03:16,1885.00,1,M
13:03:16,1885.00,2,M
13:03:15,1884.90,2,B
13:03:15,1885.10,3,M
13:03:14,1885.10,1,M
13:03:14,1885.00,1,B
13:03:14,1885.00,4,B
13:03:14,1885.00,5,B
13:03:14,1885.00,4,B
13:03:14,1885.00,1,B
13:03:14,1885.00,6,B
13:03:14,1885.10,1,B
13:03:14,1885.10,1,B
13:03:14,1885.00,2,B
13:03:14,1885.10,1,B
13:03:14,1885.10,1,B
13:03:14,1885.10,1,B
13:03:14,1885.20,4,M
13:03:13,1885.10,1,M
13:03:13,1885.00,1,M
13:03:13,1884.90,1,B
13:03:13,1885.00,1,M
13:03:13,1884.90,1,B
13:03:13,1884.90,1,B
13:03:13,1885.00,1,M
13:03:13,1884.90,1,B
13:03:13,1884.90,1,B
13:03:13,1884.90,5,B
13:03:13,1884.90,6,B
13:03:13,1885.20,1,M
13:03:13,1885.10,1,M
13:03:13,1885.00,1,M
13:03:13,1885.00,5,M
13:03:12,1884.90,3,B
13:03:12,1884.80,1,M
13:03:12,1884.60,2,B
13:03:12,1884.60,1,M
13:03:12,1884.10,3,B
13:03:12,1884.00,30,B
13:03:12,1884.00,3,B
13:03:12,1884.10,14,B
13:03:12,1884.30,1,B
13:03:12,1884.30,1,B
13:03:12,1884.50,2,M
13:03:12,1884.50,1,M
13:03:12,1884.50,2,M
13:03:12,1884.30,1,B
13:03:12,1884.30,1,B
13:03:12,1884.50,1,M
13:03:12,1884.40,1,M
13:03:12,1884.30,1,M
13:03:12,1884.20,3,B
13:03:12,1884.20,1,B
13:03:12,1884.20,3,M
13:03:12,1884.20,3,M
13:03:12,1884.20,42,M
13:03:12,1884.20,2,M
13:03:12,1884.20,1,M
13:03:12,1884.20,1,M
13:03:12,1884.00,4,B
13:03:12,1884.10,1,B
13:03:11,1884.10,1,M
13:03:11,1884.10,1,M
13:03:11,1884.10,5,M
13:03:11,1884.00,1,B
13:03:11,1884.00,1,B
13:03:11,1884.00,1,B
13:03:11,1884.00,1,M
13:03:11,1884.00,1,M
13:03:11,1884.00,1,M
13:03:11,1884.00,1,M
13:03:11,1884.00,4,M
13:03:11,1884.00,1,M
13:03:11,1883.90,1,M
13:03:11,1883.90,1,M
13:03:11,1883.80,1,M
13:03:11,1883.40,1,B
13:03:11,1883.40,1,B
13:03:11,1883.60,1,B
13:03:11,1883.30,1,B
13:03:11,1883.50,1,B
13:03:11,1884.00,2,M
13:03:11,1883.50,2,B
13:03:11,1883.60,3,M
13:03:10,1883.60,1,M
13:03:10,1883.60,2,B
13:03:10,1883.60,1,B
13:03:10,1883.60,1,B
13:03:10,1883.60,21,B
13:03:10,1883.60,3,B
13:03:10,1883.60,1,B
13:03:10,1883.60,2,B
13:03:10,1883.60,1,B
13:03:10,1883.60,3,B
13:03:10,1883.60,1,B
13:03:10,1884.00,1,M
13:03:10,1883.80,1,M
13:03:10,1883.60,1,B
13:03:10,1883.60,3,B
13:03:10,1883.80,1,M
13:03:10,1883.80,1,M
13:03:10,1883.80,1,M
13:03:10,1884.00,1,M
13:03:10,1884.00,2,M
13:03:10,1883.90,1,M
13:03:10,1883.90,1,M
13:03:10,1883.90,3,M
13:03:10,1883.90,1,M
13:03:09,1883.60,2,B
13:03:09,1883.60,1,B
13:03:09,1883.60,2,B
13:03:09,1883.60,1,B
13:03:09,1883.70,4,B
13:03:09,1883.90,1,M
13:03:09,1883.90,1,M
13:03:09,1883.90,1,M
13:03:09,1883.80,3,M
13:03:09,1883.80,1,M
13:03:09,1883.80,1,M
13:03:09,1883.70,1,B
13:03:08,1883.90,2,M
13:03:08,1883.80,1,B
13:03:08,1883.80,1,B
13:03:08,1883.90,1,M
13:03:08,1884.20,3,M
13:03:08,1884.20,8,M
13:03:08,1883.90,20,M
13:03:08,1884.20,3,M
13:03:08,1883.90,4,B
13:03:08,1884.00,1,B
13:03:08,1884.00,1,B
13:03:08,1884.00,2,B
13:03:08,1884.00,1,B
13:03:08,1884.00,1,B
13:03:08,1884.00,1,B
13:03:08,1884.00,1,B
13:03:08,1884.00,2,B
13:03:08,1884.00,2,B
13:03:08,1884.00,2,B
13:03:08,1884.10,2,B
13:03:08,1884.20,2,M
13:03:08,1884.00,1,B
13:03:07,1884.20,1,M
13:03:07,1884.00,1,B
13:03:07,1884.00,1,B
13:03:07,1884.00,1,B
13:03:07,1884.20,1,M
13:03:07,1884.20,1,M
13:03:07,1884.00,1,B
13:03:07,1884.00,1,B
13:03:07,1884.00,2,B
13:03:07,1884.00,3,B
13:03:07,1884.10,3,B
13:03:07,1884.10,1,B
13:03:07,1884.10,1,B
13:03:07,1884.10,1,B
13:03:07,1884.10,1,B
13:03:07,1884.10,1,B
13:03:07,1884.10,1,B
13:03:07,1884.10,1,B
13:03:07,1884.10,1,B
13:03:07,1884.10,1,B
13:03:07,1884.10,1,B
13:03:07,1884.10,1,B
13:03:07,1884.10,1,B
13:03:06,1884.20,3,M
13:03:06,1884.10,1,B
13:03:06,1884.10,2,B
13:03:06,1884.10,1,B
13:03:06,1884.20,6,M
13:03:06,1884.30,1,M
13:03:06,1884.20,1,B
13:03:06,1884.20,1,B
13:03:06,1884.20,1,B
13:03:06,1884.20,1,B
13:03:06,1884.20,2,B
13:03:06,1884.20,3,B
13:03:06,1884.20,1,B
13:03:06,1884.30,1,M
13:03:06,1884.30,6,M
13:03:06,1884.20,1,B
13:03:05,1884.20,5,B
13:03:05,1884.20,10,B
13:03:05,1884.20,1,B
13:03:05,1884.30,1,M
13:03:05,1884.30,1,M
13:03:05,1884.20,1,B
13:03:05,1884.20,1,B
13:03:05,1884.20,1,B
13:03:05,1884.20,1,B
13:03:05,1884.20,1,B
13:03:05,1884.20,1,B
13:03:04,1884.40,1,M
13:03:04,1884.40,1,M
13:03:04,1884.40,1,M
13:03:04,1884.20,2,B
13:03:04,1884.40,1,M
13:03:04,1884.20,1,B
13:03:04,1884.20,4,B
13:03:04,1884.40,1,M
13:03:04,1884.40,1,M
13:03:04,1884.40,1,M
13:03:04,1884.40,1,M
13:03:04,1884.40,1,M
13:03:04,1884.40,1,M
13:03:04,1884.40,1,M
13:03:04,1884.40,1,M
13:03:04,1884.40,1,M
13:03:04,1884.30,1,M
13:03:03,1884.20,8,B
13:03:03,1884.30,1,B
13:03:03,1884.20,1,B
13:03:03,1884.30,1,B
13:03:03,1884.30,1,B
13:03:02,1884.40,1,M
13:03:02,1884.40,1,M
13:03:02,1884.40,1,M
13:03:02,1884.40,1,M
13:03:02,1884.40,1,M
13:03:02,1884.40,1,M
13:03:02,1884.20,1,B
13:03:02,1884.20,2,B
13:03:02,1884.40,1,M
13:03:02,1884.40,1,M
13:03:02,1884.40,1,M
13:03:02,1884.40,1,M
13:03:02,1884.40,1,M
13:03:02,1884.40,1,M
13:03:02,1884.40,2,M
13:03:02,1884.40,1,M
13:03:02,1884.40,1,M
13:03:02,1884.20,2,B
13:03:02,1884.30,1,B
13:03:02,1884.40,1,M
13:03:02,1884.30,1,B
13:03:02,1884.30,1,B
13:03:02,1884.30,1,B
13:03:02,1884.40,1,M
13:03:02,1884.30,1,B
13:03:02,1884.30,1,B
13:03:01,1884.50,2,M
13:03:01,1884.40,1,M
13:03:01,1884.50,1,M
13:03:01,1884.30,1,B
13:03:01,1884.40,1,B
13:03:01,1884.40,1,B
13:03:01,1884.40,1,B
13:03:01,1884.40,1,B
13:03:01,1884.40,1,B
13:03:01,1884.40,1,B
13:03:01,1884.40,1,B
13:03:01,1884.40,1,B
13:03:01,1884.30,1,B
13:03:01,1884.30,2,B
13:03:01,1884.30,1,B
13:03:01,1884.30,1,B
13:03:01,1884.30,1,B
13:03:01,1884.30,1,B
13:03:01,1884.30,1,B
13:03:01,1885.00,1,M
13:03:01,1885.00,1,M
13:03:01,1885.00,1,M
13:03:01,1885.00,1,M
13:03:01,1884.60,1,M
13:03:01,1884.40,1,B
13:03:00,1884.40,1,B
13:03:00,1884.50,1,M
13:03:00,1884.40,1,B
13:03:00,1884.40,1,B
13:03:00,1884.40,1,B
13:03:00,1884.50,1,M
13:03:00,1884.40,1,B
13:03:00,1884.40,2,B
13:03:00,1884.40,1,B
13:03:00,1884.60,2,M
13:03:00,1884.40,2,B
13:03:00,1884.40,1,B
13:03:00,1884.40,1,B
13:03:00,1884.40,2,B
13:03:00,1884.40,1,B
13:03:00,1884.40,4,B
13:03:00,1884.50,1,B
13:03:00,1884.30,1,B
13:03:00,1885.30,1,M
13:03:00,1885.30,1,M
13:03:00,1884.30,1,B
13:03:00,1884.30,2,B
13:03:00,1884.30,2,B
13:03:00,1884.40,1,B
13:03:00,1884.40,1,B
13:03:00,1884.40,1,B
13:03:00,1884.50,1,B
13:03:00,1885.00,1,B
13:02:59,1885.00,1,B
13:02:59,1885.00,2,B
13:02:59,1885.00,1,M
13:02:59,1885.00,1,M
13:02:59,1885.00,1,M
13:02:59,1884.90,1,M
13:02:59,1884.90,1,M
13:02:59,1884.80,1,M
13:02:59,1884.80,1,M
13:02:59,1884.30,1,B
13:02:59,1884.70,1,M
13:02:59,1884.70,1,M
13:02:59,1884.70,2,M
13:02:59,1884.20,1,B
13:02:58,1884.20,1,B
13:02:58,1884.10,6,B
13:02:58,1884.20,4,B
13:02:58,1884.20,1,M
13:02:58,1884.20,2,M
13:02:58,1884.10,1,B
13:02:58,1884.20,1,M
13:02:58,1884.10,1,B
13:02:58,1884.10,4,B
13:02:58,1884.20,1,M
13:02:57,1884.10,2,B
13:02:57,1884.10,4,B
13:02:57,1884.10,1,B
13:02:57,1884.20,1,M
13:02:57,1884.20,1,M
13:02:57,1884.20,1,M
13:02:57,1884.20,1,M
13:02:57,1884.20,3,M
13:02:56,1884.20,2,B
13:02:56,1884.60,2,M
13:02:56,1884.60,3,M
13:02:56,1884.60,1,M
13:02:56,1884.60,1,M
13:02:56,1884.50,1,M
13:02:56,1884.50,1,M
13:02:56,1884.10,1,B
13:02:56,1884.10,2,B
13:02:56,1884.70,1,M
13:02:56,1884.70,1,M
13:02:56,1884.20,1,M
13:02:56,1884.20,1,M
13:02:56,1884.20,1,M
13:02:56,1884.20,1,M
13:02:56,1884.00,2,B
13:02:56,1884.00,1,B
13:02:56,1884.10,1,M
13:02:56,1884.10,1,M
13:02:56,1884.10,1,M
13:02:55,1884.10,1,M
13:02:55,1884.10,1,M
13:02:55,1884.10,1,M
13:02:55,1884.10,1,M
13:02:55,1884.10,20,M
13:02:55,1884.00,1,B
13:02:55,1884.10,1,M
13:02:55,1884.10,1,M
13:02:55,1884.10,2,M
13:02:55,1884.10,1,B
13:02:55,1884.10,16,B
13:02:55,1884.20,10,B
13:02:55,1884.20,5,B
13:02:55,1884.20,2,B
13:02:55,1884.30,2,B
13:02:55,1884.30,1,B
13:02:55,1884.30,5,B
13:02:55,1884.40,12,B
13:02:55,1884.50,1,B
13:02:55,1884.50,5,B
13:02:55,1884.50,12,B
13:02:55,1884.60,2,B
13:02:55,1884.70,1,B
13:02:55,1884.80,1,B
13:02:55,1884.80,2,B
13:02:55,1884.80,1,B
13:02:55,1884.80,6,B
13:02:55,1884.90,1,B
13:02:55,1885.00,1,B
13:02:55,1885.00,1,B
13:02:55,1885.00,1,B
13:02:55,1885.00,4,B
13:02:55,1885.50,10,B
13:02:55,1885.00,1,B
13:02:55,1885.10,1,B
13:02:55,1885.10,1,B
13:02:55,1885.20,1,B
13:02:55,1885.30,1,B
13:02:55,1885.30,1,B
13:02:55,1885.30,1,B
13:02:55,1885.40,2,B
13:02:55,1885.50,2,B
13:02:54,1885.90,1,M
13:02:54,1885.80,1,M
13:02:54,1885.80,1,M
13:02:54,1885.80,1,M
13:02:54,1885.50,2,B
13:02:54,1885.70,1,M
13:02:54,1885.60,1,M
13:02:54,1885.50,1,M
13:02:54,1885.40,1,M
13:02:54,1885.40,1,M
13:02:53,1885.00,2,B
13:02:53,1885.10,1,B
13:02:53,1885.10,1,B
13:02:53,1885.20,1,B
13:02:53,1885.50,1,B
13:02:53,1885.50,1,M
13:02:53,1885.10,2,B
13:02:53,1885.10,2,B
13:02:53,1885.20,1,B
13:02:53,1885.20,1,B
13:02:53,1885.20,4,B
13:02:53,1885.20,2,B
13:02:53,1885.30,1,B
13:02:53,1885.40,1,B
13:02:53,1885.40,2,B
13:02:53,1885.40,1,B
13:02:53,1885.40,1,B
13:02:53,1886.00,1,M
13:02:53,1885.80,2,M
13:02:53,1886.00,4,M
13:02:53,1886.00,2,M
13:02:53,1886.00,1,M
13:02:53,1885.90,1,M
13:02:53,1885.90,1,M
13:02:53,1885.90,1,M
13:02:53,1885.90,1,M
13:02:53,1885.50,1,M
13:02:53,1885.50,1,M
13:02:53,1885.50,1,M
13:02:52,1885.50,1,M
13:02:52,1885.40,1,M
13:02:52,1885.40,1,M
13:02:52,1885.40,1,M
13:02:52,1885.40,1,M
13:02:52,1885.40,1,M
13:02:52,1885.40,1,M
13:02:51,1885.50,1,M
13:02:51,1885.30,1,B
13:02:51,1885.00,11,B
13:02:51,1885.00,1,B
13:02:51,1885.60,1,B
13:02:51,1886.00,1,M
13:02:51,1885.60,1,B
13:02:51,1885.00,1,B
13:02:51,1885.00,1,B
13:02:51,1885.00,1,B
13:02:51,1885.00,1,B
13:02:51,1885.10,1,B
13:02:51,1885.10,20,B
13:02:51,1885.10,1,B
13:02:51,1885.20,1,B
13:02:51,1885.20,1,B
13:02:51,1885.20,1,B
13:02:51,1885.30,1,B
13:02:51,1885.30,1,B
13:02:51,1885.30,1,B
13:02:51,1885.30,8,B
13:02:51,1885.40,1,B
13:02:51,1885.40,9,B
13:02:51,1885.40,1,B
13:02:51,1885.50,1,B
13:02:51,1886.00,1,M
13:02:51,1885.50,1,B
13:02:50,1885.90,1,M
13:02:50,1885.40,1,B
13:02:50,1885.90,1,M
13:02:50,1885.90,1,M
13:02:50,1885.90,1,M
13:02:50,1885.40,1,B
13:02:50,1885.50,1,B
13:02:50,1885.50,2,B
13:02:50,1885.60,1,B
13:02:50,1885.60,1,B
13:02:50,1885.60,1,B
13:02:50,1885.70,1,B
13:02:50,1885.90,3,B
13:02:50,1886.30,1,M
13:02:49,1886.20,1,M
13:02:49,1886.20,1,M
13:02:49,1886.20,1,M
13:02:49,1886.20,1,M
13:02:49,1886.10,1,M
13:02:49,1886.00,1,M
13:02:49,1885.60,1,B
13:02:49,1885.70,1,B
13:02:49,1885.80,1,B
13:02:49,1885.80,1,B
13:02:49,1885.80,1,B
13:02:49,1885.90,1,B
13:02:49,1885.90,1,B
13:02:49,1885.90,1,B
13:02:49,1885.90,1,B
13:02:49,1885.90,1,B
13:02:49,1886.00,1,B
13:02:49,1886.00,2,B
13:02:49,1886.50,2,M
13:02:48,1886.10,1,B
13:02:48,1886.20,1,B
13:02:48,1886.20,1,B
13:02:48,1886.20,10,B
13:02:48,1886.20,1,B
13:02:48,1886.50,2,M
13:02:48,1886.50,1,M
13:02:48,1886.20,1,B
13:02:48,1886.30,2,B
13:02:48,1886.50,1,M
13:02:48,1886.50,1,M
13:02:48,1886.50,6,M
13:02:47,1886.30,1,B
13:02:47,1886.30,12,B
13:02:47,1886.30,5,B
13:02:47,1886.70,1,M
13:02:47,1886.70,6,M
13:02:47,1886.60,31,M
13:02:47,1886.50,12,M
13:02:47,1886.50,1,M
13:02:47,1886.30,1,B
13:02:47,1886.50,1,M
13:02:46,1886.30,1,B
13:02:46,1886.20,1,B
13:02:46,1886.20,1,B
13:02:46,1886.20,4,B
13:02:46,1886.30,4,B
13:02:46,1886.30,2,B
13:02:46,1886.30,3,B
13:02:46,1886.30,1,B
13:02:46,1886.30,1,B
13:02:45,1886.30,1,B
13:02:45,1886.40,2,B
13:02:45,1886.40,1,B
13:02:45,1886.40,1,B
13:02:45,1886.50,1,B
13:02:45,1886.50,1,B
13:02:45,1886.50,1,B
13:02:45,1886.60,2,B
13:02:45,1887.00,1,M
13:02:45,1886.50,1,B
13:02:45,1887.10,1,M
13:02:45,1887.00,4,M
13:02:45,1887.00,1,M
13:02:45,1887.00,2,M
13:02:45,1887.00,11,M
13:02:45,1886.80,1,M
13:02:45,1887.00,1,M
13:02:45,1886.90,1,M
13:02:45,1886.90,1,M
13:02:45,1886.90,1,M
13:02:45,1886.70,1,M
13:02:44,1886.20,1,B
13:02:44,1886.30,1,B
13:02:44,1886.50,1,M
13:02:44,1886.30,1,M
13:02:44,1886.30,1,M
13:02:44,1886.20,1,B
13:02:44,1886.40,1,M
13:02:44,1886.10,1,B
13:02:44,1886.30,1,B
13:02:44,1886.40,1,B
13:02:44,1885.40,1,B
13:02:44,1885.90,1,M
13:02:44,1887.10,7,M
13:02:44,1887.00,6,M
13:02:44,1887.00,1,M
13:02:44,1887.00,2,M
13:02:44,1886.80,1,M
13:02:44,1886.60,2,M
13:02:44,1886.60,3,M
13:02:44,1886.40,1,M
13:02:44,1886.20,1,M
13:02:44,1886.20,1,M
13:02:44,1886.20,12,M
13:02:44,1886.10,1,M
13:02:44,1886.10,16,M
13:02:44,1886.00,1,M
13:02:44,1886.00,1,M
13:02:44,1886.00,1,M
13:02:44,1886.00,1,M
13:02:44,1886.00,2,M
13:02:44,1886.00,3,M
13:02:44,1886.00,1,M
13:02:44,1886.00,10,M
13:02:44,1885.90,1,M
13:02:44,1885.90,1,M
13:02:44,1885.90,1,M
13:02:44,1885.90,1,M
13:02:44,1885.90,1,M
13:02:44,1885.90,1,M
13:02:44,1885.90,1,M
13:02:44,1885.90,1,M
13:02:44,1885.90,11,M
13:02:44,1885.80,1,M
13:02:44,1885.80,2,M
13:02:44,1885.80,3,M
13:02:44,1885.70,11,M
13:02:44,1885.60,4,M
13:02:44,1885.30,1,B
13:02:43,1885.60,1,M
13:02:43,1885.20,1,M
13:02:43,1885.20,1,M
13:02:43,1885.20,1,M
13:02:43,1885.20,1,M
13:02:43,1885.10,1,M
13:02:43,1884.80,1,B
13:02:43,1885.00,14,M
13:02:43,1885.00,1,M
13:02:43,1885.00,3,M
13:02:43,1884.80,5,B
13:02:43,1884.90,4,B
13:02:43,1884.90,1,B
13:02:43,1885.00,1,B
13:02:43,1885.00,1,B
13:02:43,1885.10,1,B
13:02:43,1885.20,1,B
13:02:43,1885.20,4,B
13:02:43,1885.30,1,B
13:02:43,1885.30,3,B
13:02:43,1885.30,1,B
13:02:43,1885.30,2,B
13:02:43,1885.30,1,B
13:02:43,1885.30,1,B
13:02:43,1885.30,1,B
13:02:43,1885.20,1,B
13:02:42,1885.30,1,B
13:02:42,1885.30,1,B
13:02:42,1885.70,1,M
13:02:42,1885.60,1,M
13:02:42,1885.50,1,M
13:02:42,1885.20,1,B
13:02:42,1885.30,2,M
13:02:42,1885.00,1,B
13:02:42,1885.20,1,B
13:02:42,1885.40,1,B
13:02:42,1885.40,1,B
13:02:42,1885.40,10,M
13:02:42,1884.70,6,B
13:02:42,1884.80,7,B
13:02:42,1884.90,1,B
13:02:42,1884.90,5,B
13:02:42,1884.90,3,B
13:02:42,1885.30,1,B
13:02:42,1885.90,1,M
13:02:42,1885.90,12,M
13:02:42,1886.00,1,M
13:02:41,1886.00,2,M
13:02:41,1886.00,10,M
13:02:41,1885.60,1,M
13:02:41,1885.50,1,M
13:02:41,1885.50,1,M
13:02:41,1885.50,20,M
13:02:41,1885.40,12,M
13:02:41,1885.30,1,M
13:02:41,1885.30,1,M
13:02:41,1885.20,3,M
13:02:41,1885.20,1,M
13:02:41,1885.20,1,M
13:02:41,1885.20,1,M
13:02:41,1885.20,1,M
13:02:41,1885.10,1,M
13:02:41,1885.10,1,M
13:02:41,1885.10,1,M
13:02:41,1885.10,1,M
13:02:41,1885.10,19,M
13:02:41,1885.10,1,M
13:02:41,1885.00,1,M
13:02:41,1885.00,1,M
13:02:41,1885.00,15,M
13:02:41,1885.00,5,M
13:02:41,1885.00,1,M
13:02:41,1885.00,1,M
13:02:41,1885.00,1,M
13:02:41,1885.00,1,M
13:02:41,1884.90,1,M
13:02:41,1884.90,4,M
13:02:41,1884.80,2,M
13:02:41,1884.90,2,M
13:02:41,1884.90,1,M
13:02:41,1884.80,1,M
13:02:41,1884.80,1,M
13:02:41,1884.30,2,B
13:02:41,1884.70,1,B
13:02:41,1884.70,1,B
13:02:41,1884.70,9,B
13:02:41,1884.80,1,M
13:02:41,1884.70,1,B
13:02:41,1884.70,1,B
13:02:41,1884.70,2,M
13:02:41,1884.70,4,M
13:02:41,1884.70,2,M
13:02:41,1884.70,1,M
13:02:41,1884.70,1,M
13:02:41,1884.70,1,M
13:02:41,1884.60,2,M
13:02:40,1884.30,1,B
13:02:40,1884.30,2,B
13:02:40,1884.30,2,B
13:02:40,1884.40,2,M
13:02:40,1884.20,1,B
13:02:40,1884.80,1,M
13:02:40,1884.10,4,B
13:02:40,1884.10,1,B
13:02:40,1884.10,1,B
13:02:40,1884.20,4,B
13:02:40,1884.20,2,B
13:02:40,1884.20,2,B
13:02:40,1884.20,1,B
13:02:40,1884.20,1,B
13:02:40,1884.30,1,B
13:02:40,1884.30,1,B
13:02:40,1884.40,1,B
13:02:40,1884.50,1,B
13:02:40,1884.80,1,M
13:02:40,1884.80,1,M
13:02:40,1884.40,1,B
13:02:40,1884.30,1,B
13:02:40,1884.80,2,M
13:02:40,1884.80,3,M
13:02:40,1884.30,3,B
13:02:39,1884.20,1,B
13:02:39,1884.90,1,M
13:02:39,1884.80,4,M
13:02:39,1884.80,1,M
13:02:39,1884.70,1,M
13:02:39,1884.70,1,M
13:02:39,1884.80,8,M
13:02:39,1884.80,8,M
13:02:39,1884.70,1,M
13:02:39,1884.70,1,M
13:02:39,1884.70,1,M
13:02:39,1884.70,1,M
13:02:39,1884.60,1,M
13:02:39,1884.60,4,M
13:02:39,1884.60,1,M
13:02:39,1884.60,1,M
13:02:39,1884.60,1,M
13:02:39,1884.60,1,M
13:02:39,1884.60,2,M
13:02:39,1884.60,1,M
13:02:39,1884.60,1,M
13:02:39,1884.60,2,M
13:02:39,1884.50,1,M
13:02:39,1884.40,1,M
13:02:39,1884.40,1,M
13:02:39,1884.40,1,M
13:02:39,1884.30,1,M
13:02:39,1884.30,2,M
13:02:39,1884.20,1,M
13:02:39,1884.20,1,M
13:02:39,1884.20,1,M
13:02:39,1884.10,1,M
13:02:39,1883.90,1,B
13:02:39,1884.10,1,M
13:02:39,1883.90,1,B
13:02:39,1884.00,5,M
13:02:39,1884.00,1,M
13:02:39,1884.00,18,M
13:02:39,1884.00,5,M
13:02:39,1883.90,1,B
13:02:39,1883.60,1,B
13:02:39,1883.60,1,B
13:02:39,1883.60,1,B
13:02:39,1884.00,1,M
13:02:39,1883.60,1,B
13:02:38,1883.60,1,B
13:02:38,1884.00,1,M
13:02:38,1884.00,2,M
13:02:38,1884.00,8,M
13:02:38,1883.60,1,B
13:02:38,1883.60,1,B
13:02:38,1883.90,2,M
13:02:38,1883.60,5,B
13:02:38,1883.60,4,B
13:02:38,1883.80,1,B
13:02:38,1883.90,1,M
13:02:38,1883.60,2,B
13:02:38,1883.70,3,M
13:02:38,1883.60,4,B
13:02:38,1883.60,5,B
13:02:38,1883.60,1,B
13:02:38,1883.60,1,B
13:02:38,1883.60,1,B
13:02:38,1883.60,3,B
13:02:38,1883.60,1,B
13:02:38,1883.60,1,B
13:02:38,1883.60,1,B
13:02:38,1883.60,1,B
13:02:38,1883.60,1,B
13:02:38,1883.60,1,B
13:02:38,1883.60,1,B
13:02:38,1883.60,1,B
13:02:38,1883.60,1,B
13:02:38,1883.60,1,B
13:02:38,1883.60,2,B
13:02:37,1884.00,1,M
13:02:37,1884.00,11,M
13:02:37,1884.00,1,M
13:02:37,1884.00,1,M
13:02:37,1884.00,1,M
13:02:37,1884.00,1,M
13:02:37,1884.00,1,M
13:02:37,1883.60,1,B
13:02:37,1883.60,3,B
13:02:37,1883.70,1,M
13:02:37,1883.60,8,B
13:02:37,1883.60,2,B
13:02:37,1883.60,1,B
13:02:37,1884.00,32,M
13:02:37,1883.90,1,M
13:02:37,1883.90,1,M
13:02:37,1883.80,1,M
13:02:37,1883.80,1,M
13:02:37,1883.80,1,M
13:02:37,1883.80,1,M
13:02:37,1883.80,1,M
13:02:37,1883.70,1,M
13:02:37,1883.70,1,M
13:02:37,1883.70,2,M
13:02:37,1883.70,1,M
13:02:37,1883.60,1,B
13:02:37,1883.60,1,M
13:02:37,1883.40,1,B
13:02:37,1883.60,1,M
13:02:37,1883.40,1,B
13:02:37,1883.40,1,B
13:02:37,1883.40,2,B
13:02:37,1883.60,1,B
13:02:37,1883.60,1,M
13:02:36,1883.40,2,B
13:02:36,1883.60,1,M
13:02:36,1883.60,1,M
13:02:36,1883.40,1,B
13:02:36,1883.60,2,M
13:02:36,1883.50,3,M
13:02:36,1883.40,2,B
13:02:36,1883.40,1,B
13:02:36,1883.50,1,M
13:02:36,1883.30,1,B
13:02:36,1883.30,1,B
13:02:36,1883.30,1,B
13:02:36,1883.10,1,B
13:02:36,1883.10,1,B
13:02:36,1883.00,9,B
13:02:36,1883.00,1,B
13:02:36,1883.60,1,M
13:02:36,1883.00,15,B
13:02:36,1883.10,4,B
13:02:36,1883.20,1,B
13:02:36,1883.20,2,B
13:02:36,1883.60,3,M
13:02:36,1883.60,3,M
13:02:36,1883.60,2,M
13:02:36,1883.60,1,M
13:02:36,1883.60,2,M
13:02:36,1883.60,1,M
13:02:35,1883.20,3,B
13:02:35,1883.20,7,B
13:02:35,1883.60,1,M
13:02:35,1883.20,1,B
13:02:35,1883.20,1,M
13:02:35,1883.10,1,B
13:02:35,1883.60,1,M
13:02:35,1883.30,1,M
13:02:35,1883.10,1,B
13:02:35,1883.10,1,B
13:02:35,1883.10,1,B
13:02:35,1883.10,1,B
13:02:35,1883.00,1,B
13:02:35,1883.00,19,B
13:02:35,1883.10,1,B
13:02:35,1883.10,2,B
13:02:35,1883.10,1,B
13:02:35,1883.10,1,B
13:02:35,1883.10,1,B
13:02:35,1883.20,4,B
13:02:35,1883.20,1,B
13:02:35,1883.70,1,M
13:02:35,1883.20,2,B
13:02:34,1883.70,1,M
13:02:34,1883.70,1,M
13:02:34,1883.70,1,M
13:02:34,1883.70,1,M
13:02:34,1883.70,1,M
13:02:34,1883.60,2,M
13:02:34,1883.40,1,M
13:02:34,1883.40,1,M
13:02:34,1883.40,1,M
13:02:34,1883.40,1,M
13:02:34,1883.30,1,M
13:02:34,1883.20,1,M
13:02:34,1883.20,1,M
13:02:34,1883.20,1,M
13:02:34,1883.10,1,B
13:02:34,1883.50,1,B
13:02:34,1883.50,1,B
13:02:34,1883.50,1,B
13:02:34,1883.70,1,M
13:02:34,1883.10,1,B
13:02:34,1883.50,2,B
13:02:34,1883.00,1,B
13:02:34,1883.10,2,B
13:02:34,1883.00,2,B
13:02:34,1883.00,4,B
13:02:34,1883.80,1,M
13:02:34,1883.00,20,B
13:02:34,1883.00,4,B
13:02:34,1883.00,25,B
13:02:34,1883.00,1,B
13:02:34,1883.00,12,B
13:02:34,1883.00,1,B
13:02:34,1883.00,1,B
13:02:34,1883.00,1,B
13:02:34,1883.00,1,B
13:02:34,1883.10,1,B
13:02:34,1883.10,1,B
13:02:34,1883.10,1,B
13:02:34,1883.10,5,B
13:02:34,1883.10,1,B
13:02:34,1883.10,1,B
13:02:34,1883.20,1,B
13:02:34,1883.20,2,B
13:02:34,1883.20,1,B
13:02:34,1883.20,2,B
13:02:34,1883.20,3,B
13:02:34,1883.30,1,B
13:02:34,1883.30,1,B
13:02:34,1883.30,1,B
13:02:34,1883.30,1,B
13:02:34,1883.30,2,B
13:02:34,1883.30,20,B
13:02:34,1883.30,6,B
13:02:34,1883.30,1,B
13:02:34,1883.40,1,B
13:02:34,1883.40,1,B
13:02:34,1883.40,1,B
13:02:34,1883.40,11,B
13:02:34,1883.50,1,B
13:02:34,1883.50,1,B
13:02:34,1883.50,2,B
13:02:34,1883.50,2,B
13:02:34,1883.50,1,B
13:02:34,1883.50,2,B
13:02:34,1883.60,1,B
13:02:34,1883.70,4,B
13:02:34,1883.80,1,M
13:02:34,1883.70,1,B
13:02:34,1883.70,1,B
13:02:34,1883.70,1,B
13:02:34,1884.00,1,M
13:02:34,1883.90,1,M
13:02:34,1883.90,1,M
13:02:33,1884.00,1,M
13:02:33,1883.70,11,B
13:02:33,1883.70,7,B
13:02:33,1884.00,1,M
13:02:33,1883.90,1,M
13:02:33,1883.80,1,M
13:02:33,1883.90,1,M
13:02:33,1883.70,1,B
13:02:33,1883.70,1,B
13:02:33,1883.90,1,M
13:02:33,1884.00,2,M
13:02:33,1884.00,6,M
13:02:33,1883.90,1,M
13:02:33,1883.80,2,M
13:02:33,1883.80,1,M
13:02:33,1883.70,1,B
13:02:33,1883.80,1,M
13:02:32,1883.70,10,B
13:02:32,1883.70,6,B
13:02:32,1883.70,1,B
13:02:32,1883.70,11,B
13:02:32,1883.70,1,B
13:02:32,1883.80,1,B
13:02:32,1883.80,2,B
13:02:32,1883.80,1,B
13:02:32,1883.80,6,B
13:02:32,1884.00,4,M
13:02:32,1884.00,24,M
13:02:32,1883.90,1,M
13:02:32,1883.90,2,M
13:02:32,1883.80,4,B
13:02:32,1883.80,1,B
13:02:32,1883.80,8,B
13:02:32,1883.80,2,B
13:02:32,1884.00,7,M
13:02:32,1884.00,4,M
13:02:32,1884.00,30,M
13:02:32,1883.90,1,B
13:02:32,1883.80,4,B
13:02:32,1883.80,1,B
13:02:32,1883.90,1,B
13:02:32,1884.00,1,M
13:02:32,1883.90,1,B
13:02:32,1884.00,1,B
13:02:32,1884.00,2,B
13:02:32,1884.00,1,B
13:02:32,1884.00,3,B
13:02:32,1884.00,2,B
13:02:32,1884.00,10,B
13:02:32,1884.00,1,B
13:02:32,1884.00,4,B
13:02:32,1884.00,2,B
13:02:32,1884.00,2,B
13:02:32,1884.00,1,B
13:02:32,1884.00,1,B
13:02:32,1884.00,55,B
13:02:32,1884.10,4,B
13:02:32,1884.10,2,B
13:02:32,1884.10,1,B
13:02:32,1884.10,1,B
13:02:32,1884.10,1,B
13:02:32,1884.10,1,B
13:02:32,1884.10,1,B
13:02:32,1884.60,11,B
13:02:32,1884.60,1,B
13:02:31,1884.60,2,B
13:02:31,1884.40,1,M
13:02:31,1884.80,6,M
13:02:31,1884.60,1,M
13:02:31,1884.40,3,M
13:02:31,1884.80,1,M
13:02:31,1884.80,8,M
13:02:31,1884.80,1,M
13:02:31,1884.70,1,M
13:02:31,1884.70,1,M
13:02:31,1884.70,1,M
13:02:31,1884.70,1,M
13:02:31,1884.60,1,M
13:02:31,1884.60,1,M
13:02:31,1884.60,1,M
13:02:31,1884.60,1,M
13:02:31,1884.60,1,M
13:02:31,1884.50,4,M
13:02:31,1884.50,2,M
13:02:31,1884.40,1,M
13:02:31,1884.40,1,M
13:02:31,1884.00,2,B
13:02:31,1884.40,2,M
13:02:31,1884.30,1,M
13:02:31,1884.00,1,B
13:02:31,1884.00,3,B
13:02:31,1884.20,1,B
13:02:31,1884.20,1,B
13:02:31,1884.00,12,B
13:02:31,1884.00,1,B
13:02:31,1884.10,1,B
13:02:31,1884.20,1,B
13:02:31,1884.20,1,M
13:02:31,1884.40,1,M
13:02:31,1884.10,1,B
13:02:31,1884.70,1,M
13:02:31,1884.70,1,M
13:02:31,1884.60,1,M
13:02:31,1884.60,1,M
13:02:30,1884.00,2,B
13:02:30,1884.50,1,M
13:02:30,1884.00,1,B
13:02:30,1884.00,1,B
13:02:30,1884.00,2,B
13:02:30,1884.00,1,B
13:02:30,1884.00,3,B
13:02:30,1884.00,11,B
13:02:30,1884.10,1,B
13:02:30,1884.60,1,M
13:02:30,1884.60,1,M
13:02:30,1884.60,1,M
13:02:30,1884.20,1,M
13:02:30,1884.20,1,M
13:02:30,1884.20,1,M
13:02:30,1884.60,1,M
13:02:30,1884.60,1,M
13:02:30,1884.60,1,M
13:02:30,1884.50,1,M
13:02:30,1884.00,1,B
13:02:30,1884.00,1,B
13:02:30,1884.00,3,B
13:02:30,1884.00,2,B
13:02:30,1884.10,1,B
13:02:30,1884.20,1,B
13:02:30,1884.30,1,B
13:02:30,1884.30,1,B
13:02:30,1884.40,1,M
13:02:30,1884.40,1,M
13:02:30,1884.40,1,M
13:02:30,1884.40,1,M
13:02:30,1884.40,1,M
13:02:30,1884.40,11,M
13:02:30,1884.20,1,M
13:02:30,1884.20,1,M
13:02:30,1884.30,1,B
13:02:30,1884.30,1,B
13:02:30,1884.40,1,M
13:02:30,1884.40,2,M
13:02:30,1884.00,4,B
13:02:30,1884.00,2,B
13:02:30,1884.00,1,B
13:02:30,1884.10,1,B
13:02:30,1884.10,4,B
13:02:30,1884.10,1,B
13:02:30,1884.20,1,B
13:02:30,1884.20,1,B
13:02:30,1884.30,1,B
13:02:30,1884.30,10,B
13:02:30,1884.30,2,B
13:02:30,1884.40,2,M
13:02:30,1885.40,1,M
13:02:30,1885.40,1,M
13:02:30,1884.20,2,B
13:02:30,1884.20,2,B
13:02:30,1884.20,2,B
13:02:30,1884.20,1,B
13:02:30,1884.20,2,B
13:02:30,1884.20,1,B
13:02:30,1884.20,1,B
13:02:30,1884.30,1,B
13:02:30,1884.30,1,B
13:02:30,1884.30,1,B
13:02:30,1884.30,11,B
13:02:30,1884.30,2,B
13:02:30,1884.30,1,B
13:02:30,1884.30,3,B
13:02:30,1884.40,1,B
13:02:30,1884.40,1,B
13:02:30,1884.40,1,B
13:02:30,1884.40,1,B
13:02:30,1884.50,1,B
13:02:30,1884.50,1,B
13:02:30,1884.60,1,B
13:02:30,1884.60,1,B
13:02:30,1884.70,1,B
13:02:30,1884.90,1,B
13:02:30,1884.90,2,B
13:02:30,1885.00,1,B
13:02:30,1884.90,2,B
13:02:30,1885.40,1,M
13:02:30,1885.40,1,M
13:02:29,1884.90,1,B
13:02:29,1884.90,1,B
13:02:29,1884.90,2,B
13:02:29,1885.00,1,B
13:02:29,1885.00,1,B
13:02:29,1885.00,2,B
13:02:29,1885.50,1,M
13:02:29,1885.50,1,M
13:02:29,1885.50,1,M
13:02:29,1885.00,1,B
13:02:29,1885.10,1,B
13:02:29,1885.10,1,B
13:02:29,1885.10,1,B
13:02:29,1885.50,1,M
13:02:29,1885.10,1,B
13:02:29,1885.10,1,B
13:02:29,1885.60,2,M
13:02:29,1885.00,1,B
13:02:29,1885.60,1,M
13:02:29,1885.50,1,M
13:02:29,1885.50,1,M
13:02:29,1885.10,1,M
13:02:29,1885.00,2,B
13:02:29,1885.40,1,M
13:02:29,1885.50,1,M
13:02:29,1885.50,1,M
13:02:28,1885.50,1,M
13:02:28,1885.50,1,M
13:02:28,1885.00,1,B
13:02:28,1885.00,1,B
13:02:28,1885.00,2,B
13:02:28,1885.00,1,B
13:02:28,1885.00,1,B
13:02:28,1885.00,1,B
13:02:28,1885.00,1,B
13:02:28,1885.00,7,B
13:02:28,1885.00,1,B
13:02:28,1885.00,2,B
13:02:28,1885.00,7,B
13:02:28,1885.00,3,B
13:02:28,1885.00,2,B
13:02:28,1885.10,4,M
13:02:28,1885.00,1,B
13:02:28,1885.00,1,B
13:02:28,1885.00,1,B
13:02:28,1885.00,1,B
13:02:28,1885.00,1,B
13:02:28,1885.00,1,B
13:02:28,1885.00,5,B
13:02:28,1885.00,2,B
13:02:28,1885.00,5,B
13:02:28,1885.00,1,B
13:02:28,1885.00,1,B
13:02:28,1885.00,2,B
13:02:28,1885.00,4,B
13:02:28,1885.30,1,B
13:02:28,1885.00,4,B
13:02:28,1885.00,1,B
13:02:28,1885.00,1,B
13:02:28,1885.00,2,B
13:02:28,1885.00,5,B
13:02:28,1885.00,2,B
13:02:28,1885.00,5,B
13:02:28,1885.00,1,B
13:02:28,1885.00,2,B
13:02:28,1885.00,2,B
13:02:28,1885.00,1,B
13:02:28,1885.00,1,B
13:02:28,1885.00,1,B
13:02:28,1885.00,19,B
13:02:28,1885.00,2,B
13:02:28,1885.00,2,B
13:02:28,1885.00,2,B
13:02:28,1885.00,1,B
13:02:28,1885.00,3,B
13:02:28,1885.50,1,M
13:02:28,1885.20,1,M
13:02:28,1885.00,1,B
13:02:28,1885.00,1,B
13:02:28,1885.20,1,M
13:02:28,1885.00,2,B
13:02:28,1885.00,1,B
13:02:28,1885.00,1,B
13:02:28,1885.10,1,M
13:02:28,1885.10,1,M
13:02:28,1885.00,11,B
13:02:28,1885.00,1,B
13:02:28,1885.00,1,B
13:02:28,1885.10,1,M
13:02:28,1885.10,1,M
13:02:28,1885.00,4,B
13:02:28,1885.00,5,B
13:02:28,1885.00,20,B
13:02:28,1885.00,1,B
13:02:28,1885.00,1,B
13:02:28,1885.20,4,M
13:02:28,1885.00,20,B
13:02:28,1885.00,1,B
13:02:28,1885.00,1,B
13:02:28,1885.00,2,B
13:02:28,1885.00,1,B
13:02:28,1885.20,2,M
13:02:28,1885.20,24,M
13:02:28,1885.10,1,M
13:02:28,1885.00,19,B
13:02:28,1885.00,1,B
13:02:28,1885.00,6,B
13:02:28,1885.00,1,B
13:02:28,1885.00,10,B
13:02:28,1885.00,3,B
13:02:28,1885.20,1,M
13:02:28,1885.00,1,B
13:02:28,1885.00,1,B
13:02:28,1885.00,1,B
13:02:28,1885.00,14,B
13:02:28,1885.10,1,B
13:02:28,1885.10,2,B
13:02:27,1885.20,2,M
13:02:27,1885.00,6,B
13:02:27,1885.20,1,M
13:02:27,1885.10,2,B
13:02:27,1885.10,1,B
13:02:27,1885.00,2,B
13:02:27,1885.50,2,B
13:02:27,1885.80,2,B
13:02:27,1885.00,2,B
13:02:27,1885.00,27,B
13:02:27,1885.00,1,B
13:02:27,1885.00,6,B
13:02:27,1885.00,1,B
13:02:27,1885.00,1,B
13:02:27,1885.00,1,B
13:02:27,1885.00,1,B
13:02:27,1885.00,1,B
13:02:27,1885.00,2,B
13:02:27,1885.10,1,B
13:02:27,1885.10,1,B
13:02:27,1885.10,1,B
13:02:27,1885.10,1,B
13:02:27,1885.10,2,B
13:02:27,1885.10,3,B
13:02:27,1885.20,1,B
13:02:27,1885.20,1,B
13:02:27,1885.20,20,B
13:02:27,1885.20,1,B
13:02:27,1885.20,1,B
13:02:27,1885.30,1,B
13:02:27,1885.30,1,B
13:02:27,1885.30,2,B
13:02:27,1885.30,5,B
13:02:27,1885.30,3,B
13:02:27,1885.40,1,B
13:02:27,1885.50,1,B
13:02:27,1885.40,1,B
13:02:27,1885.40,1,B
13:02:27,1885.40,2,B
13:02:27,1885.50,1,B
13:02:27,1885.50,7,B
13:02:27,1885.50,2,B
13:02:27,1885.50,100,B
13:02:27,1885.60,1,B
13:02:27,1885.60,1,B
13:02:27,1885.60,1,B
13:02:27,1885.60,10,B
13:02:27,1885.60,1,B
13:02:27,1885.70,1,B
13:02:27,1885.70,1,B
13:02:27,1885.80,1,B
13:02:27,1885.80,1,B
13:02:27,1885.90,2,B
13:02:27,1885.90,1,B
13:02:27,1885.90,1,B
13:02:27,1886.00,1,B
13:02:27,1886.00,1,B
13:02:27,1886.00,1,B
13:02:27,1886.00,2,B
13:02:27,1886.00,1,B
13:02:27,1886.00,1,B
13:02:27,1886.00,1,B
13:02:27,1886.00,2,B
13:02:27,1886.00,3,B
13:02:27,1886.00,1,B
13:02:27,1886.00,1,B
13:02:27,1886.00,1,B
13:02:27,1886.00,1,B
13:02:27,1886.00,2,B
13:02:27,1886.00,3,B
13:02:27,1886.00,1,B
13:02:27,1886.00,2,B
13:02:27,1886.00,1,B
13:02:27,1886.00,1,B
13:02:27,1886.00,1,B
13:02:27,1886.00,1,B
13:02:27,1886.00,2,B
13:02:27,1886.00,1,B
13:02:27,1886.00,1,B
13:02:27,1886.00,1,B
13:02:27,1886.00,6,B
13:02:27,1886.00,1,B
13:02:27,1886.00,3,B
13:02:27,1886.00,1,B
13:02:27,1886.00,5,B
13:02:27,1886.00,2,B
13:02:27,1886.20,1,M
13:02:27,1886.00,4,B
13:02:27,1886.00,2,B
13:02:27,1886.00,1,B
13:02:27,1886.00,2,B
13:02:27,1886.00,1,B
13:02:27,1886.00,19,B
13:02:27,1886.20,2,M
13:02:27,1886.00,6,B
13:02:27,1886.10,1,B
13:02:27,1886.00,4,B
13:02:27,1886.00,25,B
13:02:27,1886.00,1,B
13:02:27,1886.20,2,M
13:02:26,1886.20,1,M
13:02:26,1886.00,1,B
13:02:26,1886.00,4,B
13:02:26,1886.00,5,B
13:02:26,1886.10,1,M
13:02:26,1886.00,2,B
13:02:25,1886.10,1,M
13:02:25,1886.00,2,B
13:02:25,1886.00,1,B
13:02:25,1886.20,1,M
13:02:25,1886.00,6,B
13:02:25,1886.10,1,B
13:02:25,1886.20,1,B
13:02:25,1886.50,1,M
13:02:25,1886.10,11,B
13:02:25,1886.30,20,B
13:02:24,1886.50,1,M
13:02:24,1886.40,1,M
13:02:24,1886.40,1,M
13:02:24,1886.30,2,M
13:02:24,1886.20,2,M
13:02:24,1886.20,2,M
13:02:24,1886.00,1,B
13:02:24,1886.00,19,B
13:02:24,1886.10,1,B
13:02:24,1886.10,2,B
13:02:24,1886.20,1,B
13:02:24,1886.20,1,B
13:02:24,1886.20,1,B
13:02:24,1886.20,2,B
13:02:24,1886.20,3,B
13:02:24,1886.20,1,B
13:02:23,1886.20,8,B
13:02:23,1886.20,10,B
13:02:23,1886.20,2,B
13:02:23,1886.10,1,B
13:02:23,1886.10,1,B
13:02:23,1886.10,1,B
13:02:23,1886.10,3,B
13:02:23,1886.10,1,B
13:02:23,1886.10,9,B
13:02:23,1886.50,54,B
13:02:23,1886.50,2,B
13:02:23,1886.50,1,B
13:02:22,1886.70,1,M
13:02:22,1886.60,1,B
13:02:22,1886.60,1,B
13:02:22,1886.60,1,B
13:02:22,1886.60,1,M
13:02:22,1886.50,1,B
13:02:22,1886.60,1,M
13:02:22,1886.50,2,M
13:02:21,1886.10,6,B
13:02:21,1886.20,2,B
13:02:21,1886.10,5,B
13:02:21,1886.10,1,B
13:02:21,1886.10,1,B
13:02:21,1886.10,2,B
13:02:21,1886.10,1,B
13:02:21,1886.10,3,B
13:02:21,1886.10,1,B
13:02:21,1886.10,3,B
13:02:21,1886.10,1,B
13:02:21,1886.10,2,B
13:02:21,1886.20,2,B
13:02:21,1886.40,1,B
13:02:21,1886.40,1,B
13:02:21,1886.60,3,B
13:02:21,1886.60,1,B
13:02:21,1886.60,1,B
13:02:21,1886.60,5,B
13:02:20,1886.60,1,B
13:02:20,1886.60,2,B
13:02:20,1886.60,1,M
13:02:20,1886.60,1,M
13:02:20,1886.50,7,M
13:02:20,1886.50,1,M
13:02:20,1886.50,1,M
13:02:20,1886.50,1,M
13:02:20,1886.50,10,M
13:02:20,1886.50,8,M
13:02:20,1886.50,1,M
13:02:20,1886.50,1,M
13:02:20,1886.40,1,B
13:02:19,1886.50,1,B
13:02:19,1886.60,1,M
13:02:19,1886.60,1,M
13:02:19,1886.50,1,B
13:02:19,1886.50,1,B
13:02:19,1886.50,1,B
13:02:19,1886.80,1,M
13:02:18,1886.80,1,M
13:02:18,1886.80,1,M
13:02:18,1886.10,1,B
13:02:18,1886.10,6,B
13:02:18,1886.20,1,B
13:02:18,1886.20,1,B
13:02:18,1886.20,1,B
13:02:18,1886.20,2,B
13:02:18,1886.20,1,B
13:02:18,1886.30,1,B
13:02:18,1886.30,1,B
13:02:18,1886.30,1,B
13:02:18,1886.30,1,B
13:02:18,1886.30,1,B
13:02:18,1886.40,2,B
13:02:18,1887.00,2,M
13:02:18,1886.40,1,B
13:02:18,1886.40,3,B
13:02:18,1886.40,4,B
13:02:18,1886.60,3,B
13:02:17,1886.90,1,M
13:02:17,1887.00,4,M
13:02:17,1886.90,1,M
13:02:17,1886.90,5,M
13:02:17,1886.80,1,B
13:02:17,1886.90,3,M
13:02:17,1886.80,3,B
13:02:17,1886.80,1,B
13:02:16,1887.10,2,M
13:02:16,1887.00,1,M
13:02:16,1887.00,2,M
13:02:16,1886.60,1,B
13:02:16,1887.00,1,M
13:02:16,1886.90,1,M
13:02:16,1886.90,1,M
13:02:16,1886.60,2,B
13:02:16,1886.50,1,B
13:02:16,1886.60,1,B
13:02:16,1886.60,1,B
13:02:16,1886.60,6,B
13:02:16,1886.60,1,B
13:02:16,1886.60,1,B
13:02:16,1886.60,1,B
13:02:16,1886.70,2,B
13:02:16,1886.80,6,B
13:02:16,1886.80,2,B
13:02:16,1886.80,3,B
13:02:16,1886.90,4,B
13:02:16,1887.00,1,B
13:02:16,1887.30,1,M
13:02:16,1887.30,1,M
13:02:16,1887.50,1,M
13:02:15,1887.40,2,M
13:02:15,1886.70,1,B
13:02:15,1886.70,1,B
13:02:15,1886.70,1,B
13:02:15,1886.70,1,B
13:02:15,1886.80,1,B
13:02:15,1886.80,1,B
13:02:15,1886.80,1,B
13:02:15,1886.90,1,B
13:02:15,1886.90,1,B
13:02:15,1886.90,4,B
13:02:15,1887.00,1,B
13:02:15,1887.00,2,B
13:02:15,1887.00,14,B
13:02:15,1887.40,2,M
13:02:15,1887.00,4,B
13:02:15,1887.00,12,B
13:02:15,1887.10,1,B
13:02:15,1887.10,1,B
13:02:15,1887.40,1,M
13:02:15,1887.40,1,M
13:02:15,1887.50,3,M
13:02:15,1887.50,8,M
13:02:15,1887.00,1,M
13:02:15,1887.00,1,M
13:02:14,1887.00,1,M
13:02:14,1887.00,2,M
13:02:14,1887.00,1,M
13:02:14,1887.00,2,B
13:02:14,1887.00,3,B
13:02:14,1887.00,2,B
13:02:14,1887.00,1,B
13:02:14,1887.00,1,B
13:02:14,1887.00,1,B
13:02:14,1887.00,1,B
13:02:14,1887.00,1,B
13:02:14,1887.00,2,B
13:02:14,1887.00,1,B
13:02:14,1887.10,1,B
13:02:14,1887.10,1,B
13:02:14,1887.10,1,B
13:02:14,1887.20,2,B
13:02:14,1887.10,1,B
13:02:14,1887.10,1,B
13:02:14,1887.10,1,B
13:02:14,1887.70,1,M
13:02:14,1887.70,1,M
13:02:14,1887.70,1,M
13:02:14,1887.60,1,M
13:02:14,1887.60,1,M
13:02:14,1887.60,1,M
13:02:14,1887.60,1,M
13:02:14,1887.50,1,M
13:02:14,1887.50,2,M
13:02:13,1887.50,1,M
13:02:13,1887.00,1,B
13:02:13,1887.00,1,B
13:02:13,1887.00,1,B
13:02:13,1887.50,1,M
13:02:13,1887.50,9,M
13:02:13,1887.50,1,M
13:02:13,1887.00,1,B
13:02:13,1887.00,10,B
13:02:13,1887.00,1,B
13:02:13,1887.00,33,B
13:02:13,1887.10,1,B
13:02:13,1887.10,4,B
13:02:13,1887.10,1,B
13:02:13,1887.10,2,B
13:02:13,1887.10,3,B
13:02:13,1887.20,1,B
13:02:13,1887.20,2,B
13:02:13,1887.30,1,B
13:02:13,1887.30,1,B
13:02:13,1887.30,1,B
13:02:13,1887.30,6,B
13:02:13,1887.50,1,B
13:02:13,1887.70,1,B
13:02:13,1887.70,1,B
13:02:13,1887.70,1,B
13:02:13,1887.80,2,M
13:02:13,1887.80,2,M
13:02:12,1887.80,1,M
13:02:12,1888.20,2,M
13:02:12,1887.90,1,M
13:02:12,1887.90,1,M
13:02:12,1887.90,2,M
13:02:12,1887.90,1,M
13:02:12,1887.90,1,M
13:02:12,1887.90,1,M
13:02:12,1887.80,1,B
13:02:12,1888.00,3,M
13:02:12,1887.90,1,M
13:02:12,1887.90,1,M
13:02:12,1887.80,1,M
13:02:12,1887.70,1,M
13:02:12,1887.70,1,M
13:02:12,1887.70,11,M
13:02:11,1887.70,1,M
13:02:11,1887.70,4,M
13:02:11,1887.60,2,M
13:02:11,1887.60,1,M
13:02:11,1887.60,1,M
13:02:11,1887.60,1,M
13:02:11,1887.60,1,M
13:02:11,1887.60,1,M
13:02:11,1887.60,3,M
13:02:11,1887.60,1,M
13:02:11,1887.70,2,M
13:02:11,1887.00,11,B
13:02:11,1887.00,1,B
13:02:11,1887.00,5,B
13:02:11,1887.00,2,B
13:02:11,1887.00,13,B
13:02:11,1887.10,1,B
13:02:11,1887.10,11,B
13:02:11,1887.10,1,B
13:02:11,1887.10,5,B
13:02:11,1887.10,1,B
13:02:11,1887.10,1,B
13:02:11,1887.10,1,B
13:02:11,1887.10,1,B
13:02:11,1887.10,2,B
13:02:11,1887.20,1,B
13:02:11,1887.20,5,B
13:02:11,1887.20,1,B
13:02:11,1887.20,1,B
13:02:11,1887.20,1,B
13:02:11,1887.20,1,B
13:02:11,1887.20,8,B
13:02:11,1887.30,1,B
13:02:11,1887.30,1,B
13:02:11,1887.30,10,B
13:02:11,1887.30,1,B
13:02:11,1887.30,1,B
13:02:11,1887.30,1,B
13:02:11,1887.30,2,B
13:02:11,1887.30,1,B
13:02:11,1887.50,2,B
13:02:11,1887.50,1,B
13:02:11,1887.50,16,B
13:02:11,1887.80,5,B
13:02:11,1887.80,3,M
13:02:11,1887.80,1,M
13:02:10,1887.80,1,M
13:02:10,1887.80,3,M
13:02:10,1887.50,33,B
13:02:10,1887.60,11,B
13:02:10,1887.60,19,B
13:02:10,1887.80,1,M
13:02:10,1887.80,1,M
13:02:10,1887.70,6,M
13:02:10,1887.60,1,B
13:02:09,1887.70,2,M
13:02:09,1887.70,1,M
13:02:09,1887.70,1,M
13:02:09,1887.50,1,M
13:02:08,1887.30,1,B
13:02:08,1887.30,1,B
13:02:08,1887.50,1,M
13:02:08,1887.70,2,M
13:02:08,1887.50,1,M
13:02:08,1887.50,1,M
13:02:07,1887.30,1,B
13:02:07,1887.70,4,M
13:02:07,1887.70,5,M
13:02:07,1887.60,1,M
13:02:07,1887.60,1,M
13:02:07,1887.60,2,M
13:02:07,1887.60,7,M
13:02:07,1887.60,1,M
13:02:07,1887.60,1,M
13:02:07,1887.30,1,B
13:02:07,1887.20,4,B
13:02:07,1887.30,1,B
13:02:07,1887.30,1,B
13:02:07,1887.50,4,B
13:02:07,1887.50,1,B
13:02:07,1887.50,1,B
13:02:06,1887.50,1,B
13:02:06,1887.50,1,B
13:02:06,1887.50,1,M
13:02:06,1887.30,1,B
13:02:06,1887.50,4,M
13:02:06,1887.20,2,B
13:02:06,1887.20,1,B
13:02:06,1887.20,1,B
13:02:06,1887.20,1,B
13:02:06,1887.20,1,B
13:02:06,1887.20,1,B
13:02:06,1887.50,1,M
13:02:05,1887.20,1,M
13:02:05,1887.50,2,M
13:02:05,1887.40,1,M
13:02:05,1887.40,1,M
13:02:05,1887.20,1,M
13:02:05,1887.20,1,M
13:02:05,1887.20,1,M
13:02:05,1887.20,1,M
13:02:05,1887.20,1,M
13:02:05,1887.20,1,M
13:02:05,1887.20,1,M
13:02:05,1887.20,1,M
13:02:05,1887.10,1,B
13:02:05,1887.10,2,B
13:02:04,1887.20,1,M
13:02:04,1887.20,1,M
13:02:04,1887.20,1,M
13:02:04,1887.20,1,M
13:02:04,1887.00,1,B
13:02:04,1887.10,1,B
13:02:04,1887.10,1,B
13:02:04,1887.20,1,M
13:02:04,1887.20,1,M
13:02:04,1887.20,1,M
13:02:04,1887.20,1,M
13:02:04,1887.20,1,M
13:02:04,1887.20,1,M
13:02:04,1887.20,2,M
13:02:04,1887.20,1,M
13:02:04,1887.20,1,M
13:02:04,1887.20,1,M
13:02:04,1887.20,1,M
13:02:04,1887.20,1,M
13:02:04,1887.10,1,M
13:02:04,1887.10,1,M
13:02:04,1887.20,1,M
13:02:03,1887.00,6,B
13:02:03,1887.00,30,B
13:02:03,1887.00,1,B
13:02:03,1887.10,1,B
13:02:03,1887.20,1,M
13:02:03,1887.20,1,M
13:02:03,1887.20,1,M
13:02:03,1887.20,1,M
13:02:03,1887.20,1,M
13:02:03,1887.20,1,M
13:02:03,1887.20,1,M
13:02:03,1887.20,1,M
13:02:03,1887.20,1,M
13:02:03,1887.20,1,M
13:02:03,1887.10,1,M
13:02:03,1887.00,1,B
13:02:03,1887.00,1,B
13:02:03,1887.20,1,M
13:02:03,1887.10,1,B
13:02:03,1887.00,4,B
13:02:03,1887.00,14,B
13:02:03,1887.10,1,B
13:02:03,1887.10,10,B
13:02:03,1887.20,1,M
13:02:02,1887.20,1,M
13:02:02,1887.20,1,M
13:02:02,1887.10,5,B
13:02:02,1887.10,1,B
13:02:02,1887.10,1,B
13:02:02,1887.20,1,M
13:02:02,1887.20,1,M
13:02:02,1887.10,1,B
13:02:02,1887.10,2,B
13:02:01,1887.20,1,M
13:02:01,1887.10,2,B
13:02:01,1887.20,1,M
13:02:01,1887.20,1,M
13:02:01,1887.20,1,M
13:02:01,1887.20,1,M
13:02:01,1887.20,1,M
13:02:01,1887.20,1,M
13:02:01,1887.10,3,B
13:02:01,1887.10,1,B
13:02:01,1887.10,1,B
13:02:01,1887.10,1,B
13:02:01,1887.10,1,B
13:02:01,1887.20,1,M
13:02:01,1887.20,1,M
13:02:01,1887.20,1,M
13:02:01,1887.20,1,M
13:02:01,1887.10,1,B
13:02:00,1887.20,1,M
13:02:00,1887.20,1,M
13:02:00,1887.60,1,M
13:02:00,1887.20,1,M
13:02:00,1887.20,1,B
13:02:00,1887.20,1,B
13:02:00,1887.20,1,B
13:02:00,1887.20,1,B
13:02:00,1887.20,2,B
13:02:00,1887.20,1,B
13:02:00,1887.30,1,M
13:02:00,1887.20,1,B
13:02:00,1887.20,1,B
13:02:00,1887.20,1,B
13:02:00,1887.20,1,B
13:02:00,1887.20,2,B
13:02:00,1887.30,1,B
13:02:00,1887.70,8,M
13:02:00,1887.70,1,M
13:02:00,1887.60,1,M
13:02:00,1887.20,1,B
13:02:00,1887.20,1,B
13:02:00,1887.20,1,B
13:02:00,1887.20,1,B
13:02:00,1887.60,10,M
13:02:00,1887.20,1,B
13:02:00,1887.20,1,B
13:02:00,1887.20,1,M
13:02:00,1887.20,1,M
13:02:00,1887.20,1,B
13:02:00,1887.60,15,M
13:02:00,1887.50,1,M
13:02:00,1887.50,1,M
13:02:00,1887.40,1,M
13:02:00,1887.40,2,M
13:01:59,1887.20,2,M
13:01:59,1887.00,9,B
13:01:59,1887.00,1,B
13:01:59,1887.30,2,B
13:01:59,1887.00,13,B
13:01:59,1887.20,12,M
13:01:59,1887.20,7,M
13:01:59,1887.20,1,M
13:01:59,1887.20,1,M
13:01:59,1887.20,2,M
13:01:59,1887.00,23,B
13:01:59,1887.00,12,B
13:01:59,1887.00,1,B
13:01:59,1887.00,2,B
13:01:59,1887.10,5,B
13:01:59,1887.20,1,M
13:01:58,1887.20,1,M
13:01:58,1887.10,1,B
13:01:58,1887.20,1,M
13:01:58,1887.10,1,M
13:01:58,1887.10,3,M
13:01:58,1887.10,1,M
13:01:58,1887.10,1,M
13:01:58,1886.70,1,B
13:01:58,1887.20,1,M
13:01:58,1887.20,1,M
13:01:58,1887.20,1,M
13:01:58,1887.20,1,M
13:01:58,1887.10,1,M
13:01:58,1887.00,1,M
13:01:58,1886.60,1,B
13:01:58,1886.70,1,B
13:01:58,1886.70,1,B
13:01:58,1886.70,4,B
13:01:58,1886.80,1,B
13:01:58,1887.00,5,B
13:01:58,1887.00,2,B
13:01:58,1887.00,3,B
13:01:58,1887.10,2,B
13:01:57,1887.30,2,M
13:01:57,1887.30,2,M
13:01:57,1887.30,4,M
13:01:57,1887.30,6,M
13:01:57,1887.10,5,B
13:01:57,1887.10,1,B
13:01:57,1887.10,5,B
13:01:57,1887.30,2,M
13:01:57,1887.10,2,B
13:01:57,1887.30,1,M
13:01:57,1887.10,1,B
13:01:57,1887.30,1,M
13:01:57,1887.10,2,B
13:01:57,1887.20,1,B
13:01:57,1887.10,1,B
13:01:57,1887.20,1,B
13:01:57,1887.20,1,B
13:01:57,1887.20,1,B
13:01:57,1887.20,2,B
13:01:57,1887.20,1,B
13:01:57,1887.30,1,B
13:01:57,1887.40,1,B
13:01:57,1887.50,1,B
13:01:56,1887.10,1,B
13:01:56,1888.30,2,M
13:01:56,1888.20,1,M
13:01:56,1888.10,2,M
13:01:56,1888.00,1,M
13:01:56,1888.00,10,M
13:01:56,1888.00,3,M
13:01:56,1888.00,2,M
13:01:56,1888.00,1,M
13:01:56,1887.90,6,M
13:01:56,1887.80,2,M
13:01:56,1887.70,1,M
13:01:56,1887.70,10,M
13:01:56,1887.70,1,M
13:01:56,1887.70,5,M
13:01:56,1887.70,3,M
13:01:56,1887.60,1,M
13:01:56,1887.50,2,M
13:01:56,1887.50,3,M
13:01:56,1887.40,1,M
13:01:56,1887.40,1,M
13:01:56,1887.40,1,M
13:01:56,1887.30,31,M
13:01:56,1887.30,4,M
13:01:56,1887.30,2,M
13:01:56,1887.30,2,M
13:01:56,1887.30,1,M
13:01:56,1887.30,1,M
13:01:56,1887.20,1,M
13:01:56,1887.00,2,B
13:01:56,1887.20,1,M
13:01:56,1887.20,1,M
13:01:56,1887.20,1,M
13:01:56,1887.10,2,M
13:01:56,1887.10,1,M
13:01:56,1887.20,1,M
13:01:56,1886.40,10,B
13:01:56,1886.40,16,B
13:01:56,1886.40,1,B
13:01:56,1886.40,6,B
13:01:56,1886.50,1,B
13:01:56,1886.50,1,B
13:01:56,1886.50,1,B
13:01:56,1886.50,1,B
13:01:56,1886.60,1,B
13:01:56,1886.60,1,B
13:01:56,1886.60,1,B
13:01:56,1886.60,3,B
13:01:56,1886.70,1,B
13:01:56,1886.70,1,B
13:01:56,1886.70,1,B
13:01:56,1886.70,1,B
13:01:56,1886.70,1,B
13:01:56,1886.70,1,B
13:01:56,1886.70,4,B
13:01:56,1886.80,4,B
13:01:56,1886.80,2,B
13:01:56,1886.90,2,B
13:01:56,1886.90,1,B
13:01:56,1886.90,1,B
13:01:55,1887.30,1,M
13:01:55,1887.40,1,M
13:01:55,1886.80,3,B
13:01:55,1887.10,5,B
13:01:55,1887.30,1,M
13:01:55,1887.30,2,M
13:01:55,1887.30,1,M
13:01:55,1887.30,1,M
13:01:55,1887.30,1,B
13:01:55,1887.40,1,M
