Time,Price,Volume,Side
10:41:54,1924.20,10,B
10:41:53,1924.20,1,B
10:41:52,1924.20,2,B
10:41:52,1924.50,1,M
10:41:52,1924.20,6,B
10:41:52,1924.20,1,B
10:41:51,1924.20,1,B
10:41:51,1924.50,2,M
10:41:51,1924.20,1,B
10:41:51,1924.50,1,M
10:41:50,1924.40,1,B
10:41:49,1924.50,1,M
10:41:49,1924.50,4,B
10:41:49,1924.60,5,M
10:41:49,1924.60,1,M
10:41:48,1924.60,5,M
10:41:48,1924.60,2,M
10:41:48,1924.60,1,M
10:41:48,1924.60,1,B
10:41:47,1924.90,1,M
10:41:47,1924.80,1,M
10:41:47,1924.80,1,M
10:41:47,1924.60,1,B
10:41:46,1925.00,1,M
10:41:46,1925.00,1,B
10:41:46,1925.10,1,M
10:41:45,1924.60,1,B
10:41:45,1925.10,1,M
10:41:45,1925.00,4,M
10:41:45,1925.00,1,M
10:41:45,1924.60,1,B
10:41:45,1924.60,1,B
10:41:45,1924.60,1,B
10:41:45,1925.10,4,M
10:41:45,1925.10,1,M
10:41:45,1925.00,4,B
10:41:45,1925.00,1,B
10:41:45,1925.00,2,B
10:41:45,1925.10,1,M
10:41:45,1925.10,5,M
10:41:45,1925.10,1,B
10:41:44,1925.20,1,M
10:41:44,1925.20,2,M
10:41:44,1925.20,1,M
10:41:44,1925.20,1,M
10:41:44,1925.20,3,M
10:41:44,1925.20,1,M
10:41:44,1925.20,10,M
10:41:44,1925.10,1,B
10:41:43,1925.00,1,B
10:41:43,1925.20,1,M
10:41:43,1925.00,1,M
10:41:42,1924.90,1,M
10:41:42,1924.90,1,M
10:41:42,1924.60,1,B
10:41:42,1925.10,1,M
10:41:42,1925.20,2,M
10:41:42,1924.70,1,B
10:41:42,1925.10,1,B
10:41:42,1925.20,2,M
10:41:41,1925.20,1,M
10:41:41,1925.20,1,M
10:41:41,1925.20,2,M
10:41:41,1925.20,1,B
10:41:41,1925.30,2,B
10:41:41,1925.30,15,B
10:41:41,1925.40,1,B
10:41:41,1925.40,1,B
10:41:41,1925.40,1,B
10:41:41,1925.50,1,B
10:41:41,1925.70,1,B
10:41:41,1925.80,4,M
10:41:41,1925.80,1,M
10:41:41,1925.60,1,M
10:41:41,1925.60,1,B
10:41:41,1925.80,1,M
10:41:41,1925.80,2,M
10:41:41,1925.80,8,M
10:41:40,1925.80,7,M
10:41:40,1925.70,1,M
10:41:40,1925.70,1,M
10:41:40,1925.70,1,M
10:41:40,1925.30,4,B
10:41:40,1925.50,1,M
10:41:40,1925.50,1,M
10:41:40,1925.50,1,M
10:41:40,1925.50,3,M
10:41:40,1925.50,5,M
10:41:40,1925.40,1,M
10:41:40,1925.40,1,M
10:41:39,1925.30,1,M
10:41:39,1925.30,1,M
10:41:39,1925.30,1,M
10:41:39,1925.20,1,M
10:41:39,1925.20,1,M
10:41:39,1925.10,1,M
10:41:39,1925.10,1,M
10:41:39,1925.10,1,M
10:41:39,1925.00,1,M
10:41:39,1925.00,1,M
10:41:39,1925.00,2,M
10:41:39,1925.00,5,M
10:41:39,1925.00,2,M
10:41:39,1925.00,1,M
10:41:39,1925.00,1,M
10:41:39,1925.00,1,M
10:41:39,1925.00,5,M
10:41:39,1925.00,1,M
10:41:39,1925.00,1,M
10:41:39,1925.00,1,M
10:41:39,1925.00,1,M
10:41:39,1925.00,3,M
10:41:39,1924.80,1,M
10:41:39,1924.80,1,M
10:41:39,1924.80,1,M
10:41:39,1924.80,2,M
10:41:39,1924.60,1,M
10:41:39,1924.70,1,M
10:41:39,1924.20,1,B
10:41:39,1924.60,1,M
10:41:39,1924.60,1,M
10:41:39,1924.30,1,B
10:41:39,1924.40,1,B
10:41:39,1924.50,2,M
10:41:39,1924.50,1,M
10:41:39,1924.50,1,M
10:41:39,1924.50,1,M
10:41:39,1924.40,1,M
10:41:39,1924.40,1,M
10:41:39,1924.40,5,M
10:41:39,1924.30,1,M
10:41:39,1924.30,1,M
10:41:39,1924.30,2,M
10:41:39,1924.30,1,M
10:41:38,1924.30,2,M
10:41:38,1924.30,1,M
10:41:38,1924.30,1,M
10:41:38,1924.20,1,M
10:41:38,1924.20,1,M
10:41:38,1924.20,1,M
10:41:37,1924.20,3,M
10:41:37,1924.20,8,M
10:41:37,1924.20,1,M
10:41:37,1924.20,1,M
10:41:36,1924.10,1,M
10:41:36,1924.00,2,B
10:41:35,1924.10,1,M
10:41:35,1923.90,1,B
10:41:35,1924.00,1,B
10:41:35,1924.00,1,B
10:41:34,1924.10,5,M
10:41:34,1924.00,1,M
10:41:34,1924.00,1,M
10:41:34,1924.00,1,M
10:41:34,1924.00,1,M
10:41:32,1923.90,2,M
10:41:32,1923.70,1,B
10:41:32,1923.70,1,B
10:41:31,1923.60,1,B
10:41:31,1923.90,1,M
10:41:30,1923.80,1,M
10:41:30,1923.80,1,M
10:41:30,1923.80,1,M
10:41:30,1923.80,1,M
10:41:30,1923.60,1,M
10:41:30,1923.50,1,M
10:41:30,1923.40,4,M
10:41:30,1923.40,2,M
10:41:30,1923.40,8,M
10:41:30,1923.40,1,M
10:41:30,1923.30,18,M
10:41:30,1923.30,1,M
10:41:30,1923.10,6,B
10:41:30,1923.20,1,B
10:41:30,1923.20,1,B
10:41:30,1923.20,1,B
10:41:30,1923.20,1,B
10:41:30,1923.20,1,B
10:41:29,1923.20,1,M
10:41:29,1923.20,1,M
10:41:29,1923.10,1,B
10:41:29,1923.10,1,M
10:41:29,1923.00,1,M
10:41:29,1923.00,1,M
10:41:29,1923.00,1,M
10:41:29,1923.00,7,M
10:41:29,1922.90,1,M
10:41:28,1922.70,11,M
10:41:28,1922.70,8,M
10:41:27,1922.50,2,B
10:41:27,1922.50,1,B
10:41:27,1922.50,1,B
10:41:27,1922.60,1,B
10:41:26,1922.60,1,B
10:41:26,1922.70,1,B
10:41:26,1922.70,1,M
10:41:26,1922.60,1,M
10:41:25,1922.50,1,M
10:41:24,1922.20,2,B
10:41:23,1922.30,1,B
10:41:23,1922.30,1,M
10:41:22,1922.10,2,B
10:41:22,1922.10,1,B
10:41:22,1922.20,1,B
10:41:22,1922.30,1,B
10:41:22,1922.10,1,B
10:41:22,1922.10,2,B
10:41:22,1922.10,1,B
10:41:22,1922.20,1,B
10:41:22,1922.20,1,B
10:41:22,1922.20,1,B
10:41:22,1922.30,1,B
10:41:22,1922.40,2,B
10:41:22,1922.80,2,M
10:41:21,1922.30,1,B
10:41:21,1922.70,1,M
10:41:21,1922.30,2,B
10:41:21,1922.30,1,B
10:41:20,1922.30,1,B
10:41:18,1922.30,1,B
10:41:18,1922.30,1,B
10:41:18,1922.30,1,B
10:41:18,1922.40,11,B
10:41:18,1922.40,2,B
10:41:17,1922.40,3,B
10:41:17,1922.50,1,B
10:41:17,1922.50,1,B
10:41:16,1922.70,1,B
10:41:16,1922.90,2,M
10:41:16,1922.90,1,M
10:41:16,1922.90,1,M
10:41:15,1922.40,1,B
10:41:15,1922.50,1,B
10:41:15,1922.60,1,M
10:41:15,1922.50,1,B
10:41:15,1922.50,1,B
10:41:14,1922.50,1,B
10:41:14,1922.50,1,B
10:41:14,1922.50,1,B
10:41:14,1922.50,2,B
10:41:14,1923.00,15,M
10:41:14,1923.00,2,M
10:41:13,1923.00,1,M
10:41:13,1922.50,1,B
10:41:13,1922.60,1,B
10:41:12,1922.60,2,B
10:41:12,1922.60,1,B
10:41:12,1923.00,1,M
10:41:11,1922.60,4,B
10:41:11,1922.60,2,B
10:41:11,1922.70,2,B
10:41:11,1923.00,1,M
10:41:11,1922.90,1,B
10:41:11,1923.00,1,B
10:41:11,1923.00,1,B
10:41:11,1923.00,3,B
10:41:11,1923.00,8,B
10:41:11,1923.00,6,B
10:41:11,1923.30,1,M
10:41:10,1923.00,5,B
10:41:09,1923.00,1,B
10:41:08,1923.00,1,B
10:41:08,1923.00,1,B
10:41:06,1923.00,2,B
10:41:06,1923.00,1,B
10:41:06,1923.40,3,M
10:41:06,1923.30,1,M
10:41:06,1923.00,1,B
10:41:05,1923.00,1,B
10:41:05,1923.00,2,B
10:41:05,1923.00,1,B
10:41:04,1923.00,1,B
10:41:04,1923.10,1,B
10:41:04,1923.20,2,B
10:41:03,1923.40,1,M
10:41:02,1923.00,3,B
10:41:02,1923.40,1,M
10:41:02,1923.00,2,B
10:41:02,1923.00,8,B
10:41:02,1923.00,1,B
10:41:02,1923.00,1,B
10:41:02,1923.00,1,B
10:41:02,1923.00,1,B
10:41:02,1923.00,1,B
10:41:02,1923.00,1,B
10:41:02,1923.00,14,B
10:41:02,1923.10,9,B
10:41:02,1923.30,1,B
10:41:01,1923.40,2,M
10:41:01,1923.40,2,M
10:41:00,1923.40,1,B
10:41:00,1923.40,10,B
10:41:00,1923.50,1,M
10:41:00,1923.50,2,M
10:41:00,1923.90,1,M
10:41:00,1923.40,5,B
10:41:00,1923.70,1,B
10:40:58,1923.50,1,B
10:40:58,1923.70,1,B
10:40:55,1924.00,1,M
10:40:55,1924.00,1,M
10:40:54,1924.00,1,M
10:40:54,1923.70,1,B
10:40:54,1923.70,1,B
10:40:54,1923.80,4,B
10:40:54,1923.80,2,B
10:40:53,1923.90,1,B
10:40:53,1924.00,1,M
10:40:52,1924.00,1,M
10:40:52,1924.00,4,M
10:40:52,1924.00,1,M
10:40:52,1924.00,1,M
10:40:51,1924.00,2,M
10:40:51,1924.00,10,M
10:40:51,1923.90,1,B
10:40:50,1924.00,1,M
10:40:50,1924.00,1,B
10:40:49,1924.10,1,M
10:40:49,1924.10,1,M
10:40:49,1924.10,1,M
10:40:49,1924.10,2,M
10:40:49,1924.10,1,M
10:40:48,1924.00,1,B
10:40:48,1924.10,3,M
10:40:47,1924.10,1,M
10:40:47,1924.10,1,M
10:40:47,1924.10,1,M
10:40:47,1924.10,2,M
10:40:47,1924.10,1,M
10:40:47,1924.10,1,M
10:40:46,1924.40,1,M
10:40:46,1924.30,1,M
10:40:45,1924.00,1,B
10:40:45,1924.00,1,B
10:40:45,1924.00,1,B
10:40:45,1924.00,1,B
10:40:45,1924.00,1,B
10:40:45,1924.00,1,M
10:40:45,1924.40,4,M
10:40:45,1924.30,1,M
10:40:45,1924.30,1,M
10:40:45,1924.20,1,M
10:40:45,1924.20,1,M
10:40:45,1924.10,1,M
10:40:45,1924.10,1,M
10:40:45,1924.10,2,M
10:40:45,1924.00,2,M
10:40:45,1923.80,16,M
10:40:45,1923.80,1,M
10:40:44,1923.60,3,B
10:40:44,1923.80,1,M
10:40:44,1923.80,1,M
10:40:44,1923.80,1,M
10:40:44,1923.80,1,M
10:40:44,1923.80,1,M
10:40:44,1923.80,1,B
10:40:44,1923.80,1,B
10:40:44,1923.80,1,B
10:40:44,1923.90,5,B
10:40:44,1924.00,4,M
10:40:44,1924.00,1,M
10:40:44,1923.90,5,M
10:40:43,1923.90,1,M
10:40:43,1923.90,9,M
10:40:43,1923.50,1,M
10:40:43,1923.60,1,M
10:40:42,1923.00,2,B
10:40:42,1924.00,4,M
10:40:42,1923.70,10,M
10:40:42,1923.70,10,M
10:40:42,1923.70,1,M
10:40:42,1923.70,1,M
10:40:42,1923.60,1,M
10:40:42,1923.60,2,M
10:40:42,1923.50,1,M
10:40:42,1923.40,1,M
10:40:42,1923.40,1,M
10:40:42,1923.40,4,M
10:40:42,1923.40,1,M
10:40:42,1923.40,9,M
10:40:42,1923.30,1,M
10:40:42,1923.30,1,M
10:40:42,1923.10,11,M
10:40:42,1923.10,6,M
10:40:41,1923.10,2,M
10:40:41,1923.00,2,B
10:40:40,1923.00,2,B
10:40:40,1923.10,2,M
10:40:39,1923.00,2,B
10:40:39,1923.00,11,B
10:40:39,1923.00,1,B
10:40:39,1923.10,1,M
10:40:39,1923.00,1,B
10:40:39,1923.00,1,B
10:40:39,1923.00,1,B
10:40:39,1923.10,1,M
10:40:39,1923.00,2,B
10:40:39,1923.00,1,M
10:40:39,1923.00,1,M
10:40:39,1922.90,1,M
10:40:39,1922.90,1,M
10:40:39,1922.80,1,M
10:40:39,1922.80,1,M
10:40:39,1922.80,7,M
10:40:39,1922.70,1,M
10:40:39,1922.70,2,M
10:40:39,1922.60,1,M
10:40:39,1922.60,1,M
10:40:39,1922.50,1,M
10:40:39,1922.20,20,B
10:40:39,1922.20,3,B
10:40:39,1922.30,1,B
10:40:39,1922.30,1,B
10:40:39,1922.50,8,M
10:40:38,1922.50,1,M
10:40:38,1922.30,3,B
10:40:38,1922.30,3,B
10:40:38,1922.30,2,B
10:40:37,1922.30,1,B
10:40:37,1922.30,1,B
10:40:37,1922.30,2,B
10:40:37,1922.30,1,B
10:40:37,1922.30,1,B
10:40:37,1922.30,1,B
10:40:37,1922.30,1,B
10:40:37,1922.40,22,B
10:40:37,1922.40,1,B
10:40:36,1922.40,7,B
10:40:36,1922.50,3,B
10:40:36,1922.60,2,B
10:40:36,1922.60,1,B
10:40:36,1922.60,1,B
10:40:36,1922.70,1,M
10:40:36,1922.60,1,B
10:40:35,1922.70,1,M
10:40:35,1922.60,2,B
10:40:34,1922.70,1,M
10:40:34,1922.60,1,B
10:40:33,1922.70,1,M
10:40:33,1922.80,2,M
10:40:33,1922.60,1,B
10:40:33,1922.60,1,B
10:40:33,1922.60,19,B
10:40:33,1923.00,9,B
10:40:33,1923.00,10,M
10:40:33,1922.90,1,M
10:40:32,1923.00,1,M
10:40:32,1922.90,1,B
10:40:32,1922.60,1,B
10:40:32,1922.60,1,B
10:40:32,1922.60,1,B
10:40:32,1922.70,2,B
10:40:32,1922.70,1,B
10:40:31,1923.00,1,B
10:40:31,1923.00,1,B
10:40:31,1923.00,1,B
10:40:31,1923.00,2,B
10:40:30,1922.90,1,B
10:40:30,1922.90,1,B
10:40:30,1922.90,1,B
10:40:29,1922.90,4,B
10:40:29,1923.00,1,B
10:40:29,1923.00,1,B
10:40:29,1923.00,1,B
10:40:29,1923.00,1,B
10:40:29,1923.10,1,B
10:40:29,1923.20,21,B
10:40:29,1923.20,8,B
10:40:29,1923.40,1,M
10:40:29,1923.20,11,B
10:40:29,1923.20,4,B
10:40:29,1923.30,5,B
10:40:28,1923.30,5,B
10:40:28,1923.20,1,B
10:40:28,1923.50,1,M
10:40:27,1923.10,1,M
10:40:26,1923.10,1,B
10:40:25,1923.10,9,B
10:40:25,1923.10,1,B
10:40:25,1923.10,1,B
10:40:25,1923.20,1,B
10:40:25,1923.20,1,B
10:40:25,1923.30,7,B
10:40:24,1923.30,2,B
10:40:24,1923.30,1,B
10:40:23,1923.60,1,M
10:40:23,1923.30,1,B
10:40:23,1923.30,1,M
10:40:23,1923.10,4,B
10:40:22,1923.60,1,M
10:40:22,1923.60,1,M
10:40:22,1923.50,1,M
10:40:22,1923.50,1,M
10:40:22,1923.40,1,M
10:40:22,1923.40,1,M
10:40:22,1923.40,1,M
10:40:22,1923.40,1,M
10:40:22,1923.10,2,M
10:40:22,1922.90,5,B
10:40:22,1922.90,3,B
10:40:21,1923.00,1,M
10:40:21,1923.00,1,M
10:40:21,1923.00,1,M
10:40:21,1923.00,5,M
10:40:21,1922.80,3,B
10:40:21,1922.80,1,M
10:40:21,1922.80,11,M
10:40:21,1922.70,1,B
10:40:20,1922.60,11,B
10:40:20,1922.60,7,M
10:40:20,1922.30,1,B
10:40:20,1922.50,4,B
10:40:20,1922.50,1,B
10:40:19,1922.50,1,B
10:40:19,1922.60,4,M
10:40:19,1922.60,1,M
10:40:18,1922.30,1,B
10:40:18,1922.60,6,M
10:40:18,1922.50,2,M
10:40:17,1922.30,1,B
10:40:17,1922.40,1,B
10:40:17,1922.60,1,M
10:40:17,1922.30,1,B
10:40:17,1922.60,2,M
10:40:17,1922.60,1,M
10:40:17,1922.60,1,B
10:40:16,1922.60,4,B
10:40:16,1922.60,1,B
10:40:16,1922.60,2,B
10:40:16,1922.60,1,B
10:40:16,1922.60,1,B
10:40:16,1922.60,3,B
10:40:15,1922.60,1,B
10:40:15,1922.60,1,B
10:40:15,1922.70,1,B
10:40:15,1922.70,1,B
10:40:15,1922.80,1,M
10:40:15,1922.80,1,M
10:40:15,1922.80,1,M
10:40:15,1922.80,1,M
10:40:15,1922.80,1,M
10:40:14,1922.80,1,B
10:40:14,1922.80,1,B
10:40:14,1922.80,1,B
10:40:14,1922.90,1,B
10:40:14,1922.90,1,B
10:40:14,1923.00,1,B
10:40:14,1923.00,5,B
10:40:14,1923.00,5,B
10:40:14,1923.00,2,B
10:40:14,1923.00,6,B
10:40:14,1923.00,25,B
10:40:14,1923.00,4,B
10:40:14,1923.00,23,B
10:40:14,1923.00,25,B
10:40:14,1923.00,5,B
10:40:14,1923.00,23,B
10:40:14,1923.40,12,M
10:40:14,1923.10,3,M
10:40:14,1923.10,2,M
10:40:13,1923.00,1,B
10:40:13,1923.00,1,B
10:40:13,1923.00,1,B
10:40:13,1923.00,1,B
10:40:13,1923.10,1,M
10:40:13,1923.10,1,B
10:40:13,1923.10,2,B
10:40:13,1923.30,8,B
10:40:13,1923.30,1,B
10:40:13,1923.30,8,B
10:40:13,1923.30,3,B
10:40:13,1923.30,7,B
10:40:13,1923.40,1,B
10:40:12,1923.30,1,B
10:40:12,1923.30,1,B
10:40:12,1923.30,1,B
10:40:12,1923.30,1,B
10:40:12,1923.30,3,B
10:40:12,1923.40,1,B
10:40:12,1923.40,1,B
10:40:12,1923.40,1,B
10:40:12,1923.50,10,B
10:40:12,1923.50,30,B
10:40:11,1923.50,3,B
10:40:11,1923.50,7,B
10:40:11,1923.50,1,B
10:40:11,1923.50,1,B
10:40:11,1923.60,4,B
10:40:10,1923.60,1,B
10:40:09,1923.60,1,B
10:40:09,1923.70,1,B
10:40:09,1923.70,1,B
10:40:09,1923.70,1,B
10:40:09,1923.70,2,B
10:40:09,1923.80,1,B
10:40:09,1923.80,1,B
10:40:09,1923.90,1,M
10:40:09,1923.90,1,M
10:40:09,1923.80,1,B
10:40:09,1923.90,1,B
10:40:09,1923.90,1,B
10:40:09,1923.90,1,B
10:40:09,1924.00,1,M
10:40:08,1924.00,1,M
10:40:08,1924.00,1,M
10:40:08,1923.90,1,B
10:40:07,1924.00,5,M
10:40:07,1924.00,2,M
10:40:07,1924.00,1,M
10:40:07,1924.00,3,B
10:40:07,1924.00,1,B
10:40:07,1924.00,9,B
10:40:07,1924.00,1,B
10:40:06,1924.50,1,M
10:40:06,1924.50,1,M
10:40:06,1924.50,1,M
10:40:05,1924.00,1,B
10:40:05,1924.50,1,M
10:40:04,1924.40,1,M
10:40:04,1924.40,1,M
10:40:04,1924.30,1,M
10:40:03,1923.90,1,B
10:40:02,1923.80,12,B
10:40:02,1923.90,1,B
10:40:02,1923.90,1,B
10:40:02,1924.30,1,M
10:40:02,1924.30,2,M
10:40:02,1924.20,2,M
10:40:02,1924.10,1,M
10:40:02,1924.00,1,M
10:40:02,1924.00,1,M
10:40:02,1923.90,1,B
10:40:02,1924.00,1,M
10:40:02,1923.90,5,M
10:40:01,1923.90,4,M
10:40:01,1923.90,1,M
10:40:01,1923.90,6,M
10:40:01,1923.70,1,B
10:40:01,1923.70,1,B
10:40:01,1923.70,1,B
10:40:00,1923.80,5,M
10:39:59,1923.70,1,M
10:39:59,1923.70,1,B
10:39:58,1923.40,1,B
10:39:58,1923.60,1,B
10:39:58,1923.70,1,B
10:39:58,1923.80,1,M
10:39:58,1923.70,1,M
10:39:57,1923.70,1,M
10:39:57,1923.50,1,M
10:39:57,1923.40,1,M
10:39:57,1923.40,1,M
10:39:57,1923.40,2,M
10:39:57,1923.30,1,M
10:39:57,1923.10,1,B
10:39:56,1923.00,1,B
10:39:56,1923.10,2,B
10:39:56,1923.20,1,B
10:39:56,1923.40,1,M
10:39:55,1923.20,1,B
10:39:54,1923.10,3,B
10:39:53,1923.00,1,B
10:39:53,1923.20,4,B
10:39:53,1923.20,3,B
10:39:52,1923.40,2,M
10:39:52,1923.30,1,M
10:39:52,1923.40,1,M
10:39:52,1923.40,1,M
10:39:52,1923.00,1,M
10:39:52,1923.00,1,B
10:39:52,1923.10,1,B
10:39:52,1923.20,3,B
10:39:51,1923.20,2,B
10:39:51,1923.20,1,B
10:39:51,1923.20,1,B
10:39:51,1923.40,1,M
10:39:51,1923.20,2,B
10:39:51,1923.20,1,B
10:39:51,1923.20,1,M
10:39:51,1923.20,1,M
10:39:51,1923.20,1,M
10:39:51,1923.10,2,M
10:39:51,1923.10,1,M
10:39:51,1923.10,3,M
10:39:51,1922.90,1,M
10:39:51,1922.90,1,M
10:39:51,1922.60,4,M
10:39:51,1922.60,1,M
10:39:51,1922.60,1,M
10:39:51,1922.50,1,B
10:39:51,1922.60,3,B
10:39:51,1922.80,1,B
10:39:51,1922.80,1,B
10:39:51,1922.50,1,B
10:39:51,1922.60,1,B
10:39:51,1922.60,1,B
10:39:51,1922.70,1,B
10:39:51,1923.00,1,B
10:39:51,1923.00,1,B
10:39:51,1923.00,2,B
10:39:51,1923.00,8,B
10:39:51,1923.10,1,M
10:39:51,1923.10,11,M
10:39:50,1923.00,1,M
10:39:50,1923.00,2,M
10:39:50,1923.00,3,M
10:39:50,1922.90,1,M
10:39:50,1923.00,1,M
10:39:50,1922.50,1,B
10:39:50,1923.00,1,M
10:39:50,1922.90,1,M
10:39:50,1922.90,1,M
10:39:50,1922.90,1,M
10:39:50,1922.80,1,M
10:39:49,1922.40,1,B
10:39:49,1922.40,1,B
10:39:49,1922.60,1,B
10:39:49,1922.60,1,B
10:39:49,1922.50,1,B
10:39:49,1922.50,2,B
10:39:49,1922.50,9,B
10:39:49,1922.50,1,B
10:39:49,1922.50,1,B
10:39:49,1922.50,1,B
10:39:49,1922.50,1,B
10:39:49,1922.50,1,B
10:39:49,1922.70,2,B
10:39:49,1922.70,1,B
10:39:49,1922.70,1,B
10:39:49,1922.70,3,B
10:39:49,1922.80,5,B
10:39:49,1922.90,2,B
10:39:49,1922.90,9,B
10:39:49,1922.90,1,B
10:39:49,1922.90,1,B
10:39:48,1922.90,1,M
10:39:48,1922.90,1,M
10:39:48,1922.70,1,B
10:39:48,1922.70,1,B
10:39:48,1922.80,1,B
10:39:48,1923.30,1,M
10:39:48,1923.00,1,B
10:39:48,1923.00,1,B
10:39:48,1922.70,1,B
10:39:48,1922.80,1,B
10:39:48,1922.80,1,B
10:39:48,1923.00,1,B
10:39:48,1923.00,2,B
10:39:48,1923.00,1,B
10:39:48,1923.00,1,B
10:39:48,1923.10,3,B
10:39:48,1923.10,4,B
10:39:48,1923.10,1,B
10:39:47,1923.10,1,B
10:39:47,1923.20,1,B
10:39:47,1923.40,1,M
10:39:47,1923.10,1,B
10:39:47,1923.10,1,B
10:39:47,1923.10,1,B
10:39:46,1923.40,1,M
10:39:46,1923.30,4,M
10:39:46,1923.40,3,M
10:39:46,1923.20,1,B
10:39:46,1923.20,1,B
10:39:46,1923.20,3,B
10:39:46,1923.30,1,B
10:39:46,1923.40,1,M
10:39:46,1923.50,1,M
10:39:46,1923.30,2,B
10:39:46,1923.30,1,B
10:39:46,1923.40,3,B
10:39:46,1923.40,5,B
10:39:46,1923.40,3,B
10:39:46,1923.40,1,B
10:39:46,1923.40,1,B
10:39:45,1923.40,1,B
10:39:45,1923.40,1,B
10:39:45,1923.40,19,B
10:39:45,1923.40,1,B
10:39:44,1923.40,1,B
10:39:44,1923.70,1,M
10:39:44,1923.70,1,M
10:39:44,1923.40,2,B
10:39:44,1923.40,1,B
10:39:44,1923.40,1,B
10:39:43,1923.40,1,B
10:39:43,1923.50,2,B
10:39:43,1923.50,1,B
10:39:43,1923.50,1,B
10:39:43,1923.50,1,B
10:39:43,1923.50,2,B
10:39:43,1923.60,1,B
10:39:43,1923.60,1,B
10:39:43,1923.70,2,B
10:39:43,1923.70,4,B
10:39:43,1923.80,4,B
10:39:43,1923.80,1,B
10:39:43,1923.80,5,B
10:39:43,1923.80,1,B
10:39:42,1923.80,1,B
10:39:42,1923.80,3,B
10:39:42,1923.90,1,B
10:39:42,1923.90,1,B
10:39:42,1924.00,1,B
10:39:42,1924.00,1,B
10:39:41,1924.00,1,B
10:39:41,1924.00,1,B
10:39:41,1924.00,1,B
10:39:41,1924.00,1,B
10:39:41,1924.00,1,B
10:39:40,1924.00,1,B
10:39:40,1924.00,1,B
10:39:40,1924.00,1,B
10:39:40,1924.00,10,B
10:39:40,1924.00,2,B
10:39:40,1924.00,1,B
10:39:40,1924.00,1,B
10:39:40,1924.00,1,B
10:39:40,1924.00,5,B
10:39:40,1924.00,1,B
10:39:40,1924.00,1,B
10:39:40,1924.40,1,M
10:39:40,1924.00,1,B
10:39:40,1924.40,3,M
10:39:40,1924.40,1,M
10:39:40,1924.00,3,B
10:39:40,1924.00,3,B
10:39:40,1924.00,1,B
10:39:39,1924.00,3,B
10:39:39,1924.00,1,B
10:39:39,1924.00,2,B
10:39:39,1924.10,1,M
10:39:39,1924.00,1,B
10:39:39,1924.40,1,M
10:39:38,1924.10,1,B
10:39:38,1924.10,1,B
10:39:38,1924.10,1,B
10:39:38,1924.10,1,B
10:39:38,1924.10,1,B
10:39:38,1924.10,2,B
10:39:38,1924.10,1,B
10:39:38,1924.10,1,B
10:39:38,1924.20,1,B
10:39:38,1924.20,1,B
10:39:38,1924.40,1,M
10:39:38,1924.30,1,M
10:39:37,1924.60,1,M
10:39:37,1924.30,1,B
10:39:37,1924.70,1,M
10:39:37,1924.10,1,B
10:39:37,1924.10,1,B
10:39:37,1924.20,1,B
10:39:37,1924.30,1,B
10:39:37,1924.30,1,B
10:39:37,1924.30,4,B
10:39:37,1924.30,1,B
10:39:37,1924.30,1,B
10:39:37,1924.30,1,B
10:39:37,1924.30,1,B
10:39:37,1924.30,1,B
10:39:37,1924.40,1,B
10:39:37,1924.40,1,B
10:39:37,1924.40,1,B
10:39:37,1924.50,2,B
10:39:37,1924.50,1,B
10:39:36,1924.50,2,B
10:39:36,1924.60,1,B
10:39:36,1924.60,2,B
10:39:36,1924.60,1,B
10:39:36,1924.60,1,B
10:39:34,1925.00,5,M
10:39:34,1924.70,1,B
10:39:34,1925.00,2,M
10:39:34,1925.00,1,M
10:39:34,1924.80,1,M
10:39:33,1925.00,1,M
10:39:33,1925.00,1,B
10:39:33,1925.00,1,M
10:39:33,1925.00,1,M
10:39:33,1925.00,1,M
10:39:32,1925.00,1,M
10:39:32,1924.50,1,B
10:39:32,1924.50,1,B
10:39:32,1924.50,1,B
10:39:32,1924.60,1,B
10:39:32,1925.20,1,M
10:39:32,1925.00,2,B
10:39:31,1925.00,1,B
10:39:31,1925.00,1,B
10:39:31,1925.20,1,M
10:39:31,1925.00,1,B
10:39:31,1925.00,2,B
10:39:31,1925.00,1,B
10:39:31,1925.00,1,B
10:39:31,1925.00,1,B
10:39:31,1925.00,1,B
10:39:31,1925.00,1,B
10:39:31,1925.00,1,M
10:39:31,1925.00,1,M
10:39:31,1925.00,3,M
10:39:31,1925.00,2,M
10:39:31,1924.90,3,M
10:39:31,1924.90,2,M
10:39:31,1924.90,1,M
10:39:31,1924.90,1,M
10:39:31,1924.90,1,M
10:39:31,1924.90,1,M
10:39:31,1924.80,1,M
10:39:31,1924.80,1,M
10:39:31,1924.20,1,B
10:39:31,1924.20,1,B
10:39:31,1924.20,1,B
10:39:31,1924.20,1,B
10:39:31,1924.20,1,B
10:39:31,1924.20,1,B
10:39:31,1924.20,1,B
10:39:31,1924.20,9,B
10:39:31,1924.30,1,B
10:39:31,1924.40,1,B
10:39:31,1924.40,1,B
10:39:31,1924.40,1,B
10:39:31,1924.40,2,B
10:39:31,1924.40,1,B
10:39:31,1924.40,4,B
10:39:31,1924.50,1,B
10:39:31,1924.50,1,B
10:39:31,1924.50,1,B
10:39:30,1925.00,3,M
10:39:30,1924.80,1,M
10:39:30,1924.80,6,M
10:39:30,1924.40,1,B
10:39:30,1924.70,1,M
10:39:30,1924.70,1,M
10:39:30,1924.70,1,M
10:39:29,1924.70,1,M
10:39:29,1924.70,1,M
10:39:29,1924.50,2,B
10:39:29,1924.60,1,B
10:39:29,1924.60,1,B
10:39:29,1924.60,1,B
10:39:29,1924.60,1,B
10:39:29,1924.60,1,B
10:39:29,1924.70,1,B
10:39:29,1924.80,1,B
10:39:29,1924.80,1,B
10:39:29,1924.80,1,B
10:39:29,1924.80,1,B
10:39:29,1924.80,10,B
10:39:28,1925.00,5,M
10:39:28,1925.00,7,M
10:39:28,1925.00,2,M
10:39:28,1924.90,1,M
10:39:28,1925.00,5,B
10:39:28,1925.00,1,B
10:39:28,1925.00,1,B
10:39:28,1925.00,1,B
10:39:28,1925.00,5,B
10:39:28,1925.00,4,B
10:39:28,1925.00,1,B
10:39:28,1925.10,1,B
10:39:28,1925.10,10,B
10:39:28,1925.20,1,B
10:39:28,1925.20,2,B
10:39:28,1925.20,1,B
10:39:27,1925.30,1,M
10:39:27,1925.20,1,B
10:39:26,1925.30,5,M
10:39:26,1925.30,6,B
10:39:26,1925.40,2,M
10:39:26,1925.30,1,B
10:39:25,1925.30,1,B
10:39:25,1925.30,4,B
10:39:25,1925.40,1,B
10:39:25,1925.50,1,B
10:39:24,1925.60,2,B
10:39:24,1925.60,1,B
10:39:24,1925.60,2,B
10:39:24,1925.70,1,B
10:39:24,1926.00,20,M
10:39:24,1926.00,1,M
10:39:24,1925.80,1,M
10:39:23,1925.80,1,M
10:39:23,1926.00,2,M
10:39:23,1926.00,1,M
10:39:23,1926.00,1,M
10:39:23,1925.80,1,M
10:39:22,1925.60,1,B
10:39:22,1926.00,1,M
10:39:22,1925.60,1,B
10:39:21,1925.60,1,B
10:39:21,1925.60,4,B
10:39:21,1925.60,1,B
10:39:21,1925.70,1,B
10:39:21,1926.00,1,B
10:39:21,1926.20,16,M
10:39:21,1926.00,2,M
10:39:21,1925.70,1,B
10:39:21,1925.70,1,B
10:39:21,1926.00,9,M
10:39:21,1926.00,9,B
10:39:21,1926.20,4,M
10:39:21,1926.20,1,M
10:39:21,1926.20,3,M
10:39:21,1926.20,2,M
10:39:21,1926.00,1,B
10:39:20,1926.10,1,M
10:39:19,1926.10,1,M
10:39:19,1926.00,1,M
10:39:19,1926.00,2,M
10:39:19,1926.00,1,M
10:39:19,1926.00,1,M
10:39:19,1925.80,1,M
10:39:19,1925.80,3,M
10:39:18,1925.60,1,B
10:39:18,1925.60,2,B
10:39:18,1925.70,1,B
10:39:18,1925.80,1,M
10:39:18,1925.70,1,B
10:39:17,1925.80,1,M
10:39:17,1925.80,2,M
10:39:16,1925.80,5,M
10:39:16,1926.20,2,M
10:39:16,1926.20,3,M
10:39:16,1926.10,1,M
10:39:16,1926.00,2,M
10:39:15,1926.00,1,M
10:39:15,1926.00,2,M
10:39:15,1926.00,1,M
10:39:15,1926.00,1,M
10:39:15,1926.00,1,M
10:39:15,1925.80,1,M
10:39:15,1925.70,1,M
10:39:14,1925.50,1,B
10:39:14,1925.40,3,B
10:39:14,1925.40,1,B
10:39:14,1925.40,1,B
10:39:14,1925.40,4,B
10:39:14,1925.60,1,B
10:39:14,1926.00,1,M
10:39:14,1926.00,3,M
10:39:14,1926.00,1,M
10:39:14,1926.00,1,M
10:39:14,1926.00,2,M
10:39:14,1926.00,1,M
10:39:14,1926.00,1,M
10:39:14,1925.90,7,M
10:39:14,1925.80,1,M
10:39:14,1925.80,2,M
10:39:14,1925.80,1,M
10:39:14,1925.80,9,M
10:39:14,1925.70,1,M
10:39:14,1925.70,7,M
10:39:12,1925.70,8,M
10:39:12,1925.70,1,M
10:39:12,1925.70,3,M
10:39:12,1925.40,2,B
10:39:11,1925.70,1,M
10:39:11,1925.70,1,M
10:39:11,1925.60,1,M
10:39:10,1925.60,4,M
10:39:10,1925.60,2,M
10:39:10,1925.40,20,M
10:39:10,1925.60,10,M
10:39:10,1925.50,1,M
10:39:10,1925.50,1,M
10:39:10,1925.50,3,M
10:39:10,1925.50,2,M
10:39:10,1925.50,1,M
10:39:10,1925.40,1,M
10:39:09,1925.40,3,M
10:39:09,1925.30,1,M
10:39:09,1925.30,1,M
10:39:09,1925.30,6,M
10:39:09,1925.10,2,M
10:39:09,1925.00,1,B
10:39:08,1925.00,1,B
10:39:08,1925.10,2,M
10:39:08,1925.10,8,M
10:39:07,1925.00,1,M
10:39:07,1925.00,5,M
10:39:07,1925.00,1,M
10:39:07,1925.00,5,M
10:39:07,1925.00,1,M
10:39:07,1925.00,1,M
10:39:07,1925.00,1,M
10:39:07,1925.00,1,M
10:39:07,1925.00,19,M
10:39:07,1925.00,6,M
10:39:07,1925.00,30,M
10:39:07,1925.00,20,M
10:39:07,1924.80,6,B
10:39:06,1925.00,1,M
10:39:06,1925.00,1,M
10:39:06,1924.80,1,B
10:39:05,1924.80,2,B
10:39:05,1924.80,2,B
10:39:05,1925.00,1,M
10:39:04,1924.80,2,B
10:39:03,1924.80,2,B
10:39:03,1924.80,1,B
10:39:03,1925.00,1,M
10:39:03,1924.90,1,M
10:39:02,1924.80,1,B
10:39:02,1924.90,1,B
10:39:02,1924.90,1,M
10:39:02,1924.90,1,M
10:39:02,1924.90,2,M
10:39:00,1924.90,1,M
10:39:00,1924.60,1,M
10:39:00,1924.40,1,B
10:39:00,1924.90,1,M
10:39:00,1924.90,2,M
10:39:00,1924.90,1,M
10:39:00,1924.90,1,M
10:39:00,1924.90,1,M
10:39:00,1924.90,1,M
10:39:00,1924.90,1,M
10:38:59,1924.90,1,M
10:38:59,1924.80,4,M
10:38:59,1924.80,7,M
10:38:59,1924.80,1,M
10:38:59,1924.50,1,B
10:38:59,1924.50,1,B
10:38:59,1924.60,1,M
10:38:59,1924.50,1,M
10:38:59,1924.50,2,M
10:38:58,1924.40,1,B
10:38:57,1924.40,1,B
10:38:56,1924.40,2,B
10:38:56,1924.50,1,M
10:38:56,1924.40,1,M
10:38:56,1924.40,3,M
10:38:56,1924.30,1,M
10:38:55,1924.00,1,B
10:38:55,1924.00,1,B
10:38:55,1924.00,2,B
10:38:55,1924.00,5,B
10:38:55,1924.10,1,B
10:38:55,1924.10,1,B
10:38:55,1924.10,1,B
10:38:55,1924.40,1,B
10:38:54,1924.10,1,B
10:38:54,1924.20,1,B
10:38:54,1924.10,8,B
10:38:54,1924.10,2,B
10:38:54,1924.10,11,B
10:38:54,1924.10,1,B
10:38:54,1924.10,1,B
10:38:54,1924.20,1,B
10:38:54,1924.20,2,B
10:38:54,1924.20,1,B
10:38:54,1924.20,1,B
10:38:54,1924.30,1,B
10:38:54,1924.30,8,B
10:38:54,1924.30,1,B
10:38:54,1924.40,1,B
10:38:54,1924.40,1,B
10:38:54,1924.40,1,B
10:38:54,1924.40,10,B
10:38:54,1924.50,4,B
10:38:54,1924.90,1,B
10:38:54,1925.30,1,M
10:38:53,1925.30,1,M
10:38:53,1925.40,1,M
10:38:53,1925.40,1,M
10:38:53,1925.20,1,M
10:38:53,1925.20,1,M
10:38:53,1925.20,1,M
10:38:53,1925.20,1,M
10:38:53,1925.20,1,M
10:38:53,1925.10,1,M
10:38:53,1925.00,1,M
10:38:53,1925.00,1,M
10:38:53,1925.00,1,M
10:38:53,1925.00,2,M
10:38:53,1925.00,1,M
10:38:53,1924.90,1,M
10:38:53,1924.90,1,M
10:38:53,1924.90,1,M
10:38:53,1924.80,1,M
10:38:53,1924.70,1,M
10:38:53,1924.70,1,M
10:38:53,1924.40,1,B
10:38:53,1924.40,1,B
10:38:53,1924.60,1,B
10:38:53,1924.60,1,B
10:38:52,1924.90,1,M
10:38:52,1924.30,1,B
10:38:52,1924.30,1,B
10:38:52,1924.50,4,B
10:38:52,1924.30,1,B
10:38:52,1924.30,1,B
10:38:52,1924.30,1,B
10:38:52,1924.30,1,B
10:38:52,1924.40,1,B
10:38:52,1924.40,14,B
10:38:52,1924.40,3,B
10:38:52,1924.50,1,B
10:38:52,1924.50,2,B
10:38:52,1924.60,1,B
10:38:52,1924.70,1,B
10:38:52,1924.70,1,B
10:38:52,1924.70,1,B
10:38:52,1924.80,1,B
10:38:52,1924.40,7,B
10:38:52,1924.50,1,B
10:38:52,1924.50,1,B
10:38:52,1924.50,1,B
10:38:52,1924.60,1,B
10:38:52,1924.60,20,B
10:38:52,1924.60,1,B
10:38:52,1924.70,3,B
10:38:52,1924.70,4,B
10:38:52,1924.80,1,B
10:38:52,1924.80,3,B
10:38:52,1925.00,6,B
10:38:52,1925.40,6,B
10:38:52,1925.40,1,M
10:38:52,1925.40,5,M
10:38:52,1925.40,43,M
10:38:52,1925.30,50,M
10:38:52,1925.30,1,M
10:38:52,1925.20,1,M
10:38:52,1925.20,1,M
10:38:52,1925.20,20,M
10:38:52,1925.20,2,M
10:38:52,1925.00,1,B
10:38:51,1925.00,1,B
10:38:51,1925.00,1,B
10:38:51,1925.00,2,B
10:38:51,1925.00,1,B
10:38:51,1925.00,1,B
10:38:51,1925.20,8,M
10:38:50,1925.00,1,B
10:38:50,1925.20,1,M
10:38:50,1924.80,1,B
10:38:50,1924.80,1,B
10:38:50,1924.80,2,B
10:38:49,1924.80,1,B
10:38:49,1925.10,1,B
10:38:49,1925.20,1,M
10:38:48,1925.20,1,M
10:38:48,1924.80,1,B
10:38:48,1924.80,3,B
10:38:48,1925.10,2,B
10:38:48,1925.10,1,M
10:38:48,1925.00,1,M
10:38:48,1925.00,1,M
10:38:48,1924.90,1,M
10:38:48,1924.90,2,M
10:38:47,1924.90,11,M
10:38:47,1924.90,12,M
10:38:47,1924.70,1,B
10:38:47,1924.80,1,B
10:38:47,1924.80,1,B
10:38:46,1924.90,1,M
10:38:46,1924.70,1,B
10:38:46,1924.90,1,M
10:38:45,1925.20,1,M
10:38:45,1925.40,7,M
10:38:45,1925.30,3,M
10:38:45,1925.20,1,M
10:38:45,1925.20,1,M
10:38:45,1925.10,1,M
10:38:45,1925.00,1,M
10:38:45,1925.00,1,M
10:38:45,1925.00,8,M
10:38:45,1924.50,5,B
10:38:45,1924.50,1,B
10:38:45,1924.50,1,B
10:38:45,1925.00,1,M
10:38:45,1925.00,75,M
10:38:45,1924.90,1,M
10:38:45,1924.70,2,M
10:38:45,1924.70,7,M
10:38:44,1924.50,1,B
10:38:44,1924.70,5,M
10:38:44,1924.50,2,B
10:38:44,1924.50,3,B
10:38:44,1924.90,1,M
10:38:44,1924.90,1,M
10:38:44,1924.90,1,M
10:38:44,1924.90,1,M
10:38:44,1924.80,1,M
10:38:43,1924.80,1,B
10:38:43,1924.80,1,B
10:38:43,1924.90,1,B
10:38:43,1925.00,1,B
10:38:43,1925.00,2,B
10:38:43,1925.00,1,B
10:38:43,1925.00,2,B
10:38:43,1925.00,9,B
10:38:43,1925.00,1,B
10:38:43,1925.00,1,B
10:38:43,1925.00,1,B
10:38:43,1925.00,1,B
10:38:43,1925.00,1,B
10:38:43,1925.00,1,B
10:38:43,1925.00,2,B
10:38:43,1925.10,1,B
10:38:43,1925.20,5,B
10:38:43,1925.20,10,B
10:38:42,1925.20,3,B
10:38:42,1925.20,18,B
10:38:42,1925.20,1,B
10:38:42,1925.20,8,B
10:38:42,1925.20,30,B
10:38:42,1925.20,5,B
10:38:42,1925.20,5,B
10:38:42,1925.20,30,B
10:38:42,1925.20,2,B
10:38:42,1925.30,4,B
10:38:42,1925.40,1,B
10:38:42,1925.40,1,B
10:38:41,1925.50,1,B
10:38:41,1925.50,3,B
10:38:41,1925.50,7,B
10:38:41,1925.50,2,B
10:38:41,1925.50,6,B
10:38:41,1925.50,2,B
10:38:41,1925.50,5,B
10:38:41,1925.60,1,B
10:38:40,1925.70,1,M
10:38:39,1925.70,8,M
10:38:39,1925.70,1,B
10:38:39,1925.80,8,B
10:38:39,1925.80,11,B
10:38:39,1925.80,2,B
10:38:39,1925.80,2,B
10:38:39,1925.80,3,B
10:38:39,1925.90,2,M
10:38:38,1925.80,1,B
10:38:38,1925.70,4,M
10:38:38,1925.70,10,B
10:38:38,1925.70,1,B
10:38:37,1925.90,1,M
10:38:37,1925.70,9,M
10:38:37,1925.60,1,B
10:38:37,1925.70,1,M
10:38:36,1925.90,1,M
10:38:36,1925.80,1,M
10:38:36,1925.70,1,M
10:38:36,1925.30,1,B
10:38:36,1925.30,1,B
10:38:36,1925.80,1,M
10:38:36,1925.80,1,M
10:38:36,1925.80,4,M
10:38:36,1925.80,1,M
10:38:36,1925.70,20,M
10:38:36,1925.60,7,M
10:38:36,1925.60,1,M
10:38:35,1925.60,1,M
10:38:35,1925.80,1,M
10:38:35,1925.70,1,M
10:38:35,1925.60,1,M
10:38:35,1925.50,5,M
10:38:35,1925.40,23,M
10:38:35,1925.40,1,M
10:38:35,1925.40,1,M
10:38:35,1925.20,32,B
10:38:35,1925.40,1,M
10:38:35,1925.40,1,M
10:38:34,1925.40,1,M
10:38:34,1925.20,1,B
10:38:34,1925.20,1,B
10:38:34,1925.20,1,B
10:38:34,1925.30,1,B
10:38:34,1925.30,1,B
10:38:34,1925.30,1,B
10:38:34,1925.40,4,M
10:38:34,1925.40,2,M
10:38:34,1925.50,1,B
10:38:34,1925.50,1,B
10:38:34,1925.50,1,B
10:38:34,1925.50,1,B
10:38:34,1925.50,1,B
10:38:34,1925.50,5,B
10:38:34,1925.60,6,B
10:38:34,1925.60,1,B
10:38:34,1925.90,9,M
10:38:34,1925.80,1,M
10:38:34,1925.80,1,M
10:38:34,1925.80,12,M
10:38:34,1925.50,3,B
10:38:34,1925.80,1,M
10:38:34,1925.60,1,M
10:38:34,1925.60,1,M
10:38:33,1925.70,1,M
10:38:33,1925.50,2,B
10:38:33,1925.60,1,B
10:38:32,1925.50,3,B
10:38:32,1925.50,2,B
10:38:32,1925.50,1,B
10:38:32,1925.60,1,B
10:38:32,1925.60,2,B
10:38:32,1925.60,1,B
10:38:32,1925.70,1,M
10:38:31,1925.80,1,M
10:38:31,1925.60,1,M
10:38:31,1925.60,4,M
10:38:31,1925.50,1,B
10:38:31,1925.50,1,B
10:38:31,1925.50,1,B
10:38:31,1925.60,9,M
10:38:31,1925.50,2,B
10:38:30,1925.60,1,M
10:38:30,1925.60,1,M
10:38:30,1925.60,10,M
10:38:30,1925.60,1,M
10:38:29,1925.60,1,M
10:38:29,1925.50,1,B
10:38:29,1925.60,1,M
10:38:29,1925.60,1,M
10:38:29,1925.60,1,B
10:38:29,1925.60,1,B
10:38:29,1925.60,11,B
10:38:29,1925.60,5,B
10:38:29,1925.70,3,B
10:38:29,1925.80,6,M
10:38:29,1925.80,1,M
10:38:29,1925.70,11,B
10:38:29,1925.80,2,M
10:38:28,1925.60,4,B
10:38:28,1925.60,14,B
10:38:28,1925.60,1,B
10:38:27,1925.80,17,M
10:38:27,1925.80,1,M
10:38:27,1925.80,1,M
10:38:27,1925.70,3,M
10:38:27,1925.70,5,M
10:38:26,1925.60,1,B
10:38:26,1925.50,7,B
10:38:26,1925.60,1,B
10:38:26,1925.60,1,B
10:38:26,1925.60,1,B
10:38:26,1925.70,1,M
10:38:26,1925.70,1,M
10:38:26,1925.60,1,B
10:38:26,1925.60,1,B
10:38:26,1925.40,1,B
10:38:26,1925.70,1,M
10:38:26,1925.70,6,M
10:38:26,1925.70,1,M
10:38:25,1925.70,1,M
10:38:25,1925.50,14,M
10:38:25,1925.80,1,M
10:38:25,1925.40,1,B
10:38:25,1925.90,1,M
10:38:25,1925.70,1,M
10:38:25,1925.70,1,M
10:38:25,1925.60,1,M
10:38:25,1925.60,10,M
10:38:24,1925.10,2,B
10:38:24,1925.10,9,B
10:38:24,1925.10,5,B
10:38:24,1925.10,1,B
10:38:24,1925.30,1,B
10:38:24,1925.60,1,M
10:38:24,1925.30,1,M
10:38:24,1925.30,1,M
10:38:24,1925.20,7,M
10:38:24,1925.10,1,M
10:38:24,1925.10,1,M
10:38:24,1925.10,1,M
10:38:23,1925.10,1,M
10:38:23,1924.60,1,B
10:38:23,1924.60,1,B
10:38:23,1924.70,1,B
10:38:23,1924.70,1,B
10:38:23,1925.00,1,M
10:38:23,1925.00,1,M
10:38:23,1924.90,2,M
10:38:23,1924.80,1,M
10:38:23,1924.80,1,M
10:38:23,1924.70,1,M
10:38:23,1924.60,1,M
10:38:22,1924.50,1,B
10:38:22,1924.50,1,B
10:38:22,1924.50,1,B
10:38:22,1924.40,2,B
10:38:22,1925.20,2,M
10:38:22,1925.20,1,B
10:38:22,1924.30,8,B
10:38:22,1924.40,1,B
10:38:22,1924.40,1,B
10:38:22,1924.50,10,B
10:38:22,1924.50,1,B
10:38:22,1924.60,1,B
10:38:22,1924.60,1,B
10:38:22,1925.00,1,B
10:38:22,1925.20,1,M
10:38:21,1925.00,1,B
10:38:21,1925.10,1,B
10:38:21,1925.00,1,B
10:38:21,1925.50,1,M
10:38:21,1925.80,1,B
10:38:21,1926.30,1,M
10:38:21,1926.30,1,M
10:38:21,1924.90,1,M
10:38:21,1926.40,1,M
10:38:21,1924.30,4,B
10:38:21,1924.40,1,B
10:38:21,1924.50,4,B
10:38:21,1924.50,1,B
10:38:21,1924.50,1,B
10:38:21,1924.60,8,B
10:38:21,1924.60,5,B
10:38:21,1924.90,1,B
10:38:21,1924.90,5,B
10:38:21,1925.00,2,B
10:38:21,1925.00,1,B
10:38:21,1925.00,2,B
10:38:21,1925.00,10,B
10:38:21,1925.10,1,B
10:38:21,1925.20,6,B
10:38:21,1925.30,22,B
10:38:21,1925.40,2,B
10:38:21,1925.40,14,B
10:38:21,1925.50,1,B
10:38:21,1925.60,1,B
10:38:21,1925.70,2,B
10:38:21,1925.80,1,B
10:38:21,1925.80,1,B
10:38:21,1925.90,1,B
10:38:21,1925.90,1,B
10:38:21,1926.00,1,B
10:38:21,1926.00,19,B
10:38:21,1926.10,1,B
10:38:21,1926.20,1,B
10:38:21,1926.20,8,B
10:38:21,1926.20,2,B
10:38:21,1926.30,3,B
10:38:21,1926.40,1,B
10:38:21,1926.40,6,B
10:38:21,1926.40,1,B
10:38:21,1926.40,13,B
10:38:21,1926.40,17,B
10:38:21,1926.70,8,M
10:38:21,1926.70,4,M
10:38:21,1926.70,5,M
10:38:21,1926.40,3,B
10:38:21,1926.50,1,B
10:38:21,1926.50,1,B
10:38:21,1926.50,1,B
10:38:21,1926.50,4,B
10:38:21,1926.50,1,B
10:38:20,1926.50,11,B
10:38:20,1926.50,11,B
10:38:20,1926.70,1,M
10:38:20,1926.70,3,M
10:38:20,1926.70,10,M
10:38:20,1926.50,46,B
10:38:20,1926.70,2,M
10:38:20,1926.50,1,B
10:38:20,1926.80,2,M
10:38:19,1926.80,3,M
10:38:19,1926.80,3,M
10:38:19,1926.80,1,M
10:38:19,1926.80,1,M
10:38:19,1926.50,1,B
10:38:19,1926.50,3,B
10:38:19,1926.50,7,B
10:38:19,1926.60,1,B
10:38:19,1926.60,1,B
10:38:19,1926.60,1,B
10:38:19,1926.60,2,B
10:38:19,1926.70,1,B
10:38:19,1926.70,1,B
10:38:19,1926.90,1,M
10:38:19,1926.70,1,B
10:38:19,1926.70,1,B
10:38:19,1926.70,1,B
10:38:19,1926.90,1,M
10:38:19,1926.90,1,B
10:38:19,1926.90,2,B
10:38:19,1926.90,1,B
10:38:19,1926.90,5,B
10:38:19,1926.90,1,B
10:38:19,1927.20,1,M
10:38:19,1927.20,1,M
10:38:19,1927.20,1,M
10:38:19,1927.20,1,M
10:38:19,1926.90,1,B
10:38:18,1927.10,2,M
10:38:18,1927.10,1,M
10:38:18,1927.00,1,B
10:38:18,1927.00,1,B
10:38:18,1927.10,1,M
10:38:18,1927.10,1,M
10:38:18,1927.00,1,B
10:38:18,1927.00,1,B
10:38:18,1927.00,1,B
10:38:18,1927.00,1,B
10:38:18,1927.00,1,B
10:38:18,1927.30,2,M
10:38:17,1927.30,5,B
10:38:17,1927.60,1,M
10:38:17,1927.60,1,M
10:38:17,1927.50,1,M
10:38:17,1927.70,7,M
10:38:17,1927.70,1,M
10:38:17,1927.70,1,M
10:38:17,1927.70,6,M
10:38:17,1926.90,5,B
10:38:17,1927.70,2,M
10:38:17,1927.70,2,M
10:38:17,1927.70,1,M
10:38:17,1927.70,1,M
10:38:17,1927.60,1,M
10:38:17,1927.60,1,M
10:38:17,1927.50,1,M
10:38:17,1927.20,1,M
10:38:17,1927.20,1,M
10:38:17,1927.00,1,B
10:38:17,1927.00,1,B
10:38:17,1927.00,1,B
10:38:17,1927.00,1,B
10:38:17,1927.00,1,B
10:38:17,1927.00,1,B
10:38:17,1927.00,1,B
10:38:17,1927.00,1,B
10:38:17,1927.10,1,B
10:38:17,1927.20,2,M
10:38:17,1927.10,3,B
10:38:17,1927.10,1,B
10:38:17,1927.10,1,B
10:38:17,1927.20,1,M
10:38:17,1927.20,1,M
10:38:17,1927.20,1,M
10:38:17,1927.20,5,B
10:38:17,1927.20,1,B
10:38:17,1927.30,1,B
10:38:17,1927.30,2,B
10:38:17,1927.80,1,M
10:38:17,1927.80,1,M
10:38:17,1927.80,2,M
10:38:17,1927.20,1,B
10:38:17,1927.20,1,B
10:38:17,1927.20,3,B
10:38:17,1927.80,1,M
10:38:17,1927.70,1,M
10:38:17,1927.20,7,B
10:38:17,1927.20,4,B
10:38:17,1927.30,1,B
10:38:17,1927.30,4,B
10:38:17,1927.30,1,B
10:38:16,1927.30,1,B
10:38:16,1927.30,1,B
10:38:16,1927.30,1,B
10:38:16,1927.30,1,B
10:38:16,1927.30,1,B
10:38:16,1927.30,1,B
10:38:16,1927.20,6,B
10:38:16,1928.00,1,M
10:38:16,1927.20,27,B
10:38:16,1927.30,1,B
10:38:16,1927.50,1,B
10:38:16,1927.60,1,B
10:38:16,1927.90,1,M
10:38:16,1927.90,1,M
10:38:16,1927.90,1,M
10:38:16,1927.80,1,M
10:38:16,1927.50,1,B
10:38:16,1927.80,4,M
10:38:16,1927.80,6,M
10:38:16,1927.80,1,M
10:38:16,1927.80,1,M
10:38:16,1927.80,2,M
10:38:16,1927.80,2,M
10:38:16,1927.80,4,M
10:38:16,1927.80,5,M
10:38:16,1927.70,1,M
10:38:16,1927.70,1,M
10:38:16,1927.70,1,M
10:38:16,1927.70,1,M
10:38:16,1927.50,1,M
10:38:16,1927.20,2,B
10:38:16,1927.50,1,M
10:38:16,1927.50,1,M
10:38:16,1927.40,1,M
10:38:16,1927.40,1,M
10:38:16,1927.40,9,M
10:38:16,1927.40,1,M
10:38:16,1927.40,1,M
10:38:16,1927.40,1,M
10:38:16,1927.30,8,M
10:38:15,1927.20,1,B
10:38:15,1927.30,1,M
10:38:15,1927.20,1,M
10:38:15,1927.20,9,M
10:38:15,1927.20,1,M
10:38:15,1927.20,4,M
10:38:15,1926.90,38,B
10:38:15,1926.90,10,B
10:38:15,1927.10,1,B
10:38:15,1927.10,1,B
10:38:15,1927.20,2,M
10:38:15,1927.20,2,M
10:38:15,1927.10,2,M
10:38:15,1927.00,11,M
10:38:15,1927.00,1,M
10:38:15,1927.00,1,M
10:38:15,1927.00,1,M
10:38:15,1927.00,1,M
10:38:15,1927.00,3,M
10:38:15,1927.00,2,M
10:38:15,1927.00,1,M
10:38:15,1927.00,3,M
10:38:15,1927.00,3,M
10:38:15,1927.00,29,M
10:38:15,1927.00,1,M
10:38:15,1927.00,1,M
10:38:15,1927.00,1,M
10:38:15,1927.00,1,M
10:38:15,1927.00,1,M
10:38:15,1927.00,1,M
10:38:15,1927.00,1,M
10:38:15,1927.00,1,M
10:38:15,1927.00,1,M
10:38:15,1927.00,1,M
10:38:15,1927.00,7,M
10:38:15,1927.00,5,M
10:38:15,1927.00,5,M
10:38:15,1927.00,1,M
10:38:15,1927.00,5,M
10:38:15,1927.00,1,M
10:38:15,1927.00,1,M
10:38:15,1927.00,1,M
10:38:15,1927.00,1,M
10:38:15,1927.00,1,M
10:38:15,1927.00,1,M
10:38:15,1927.00,2,M
10:38:15,1926.60,6,B
10:38:15,1926.90,44,B
10:38:15,1926.90,1,M
10:38:15,1926.90,5,M
10:38:15,1926.90,1,M
10:38:15,1926.90,1,M
10:38:15,1926.70,1,B
10:38:15,1926.90,5,M
10:38:15,1926.90,1,M
10:38:15,1926.80,1,M
10:38:15,1926.80,2,M
10:38:15,1926.80,1,M
10:38:15,1926.80,1,M
10:38:15,1926.80,1,M
10:38:15,1926.80,1,M
10:38:15,1926.80,5,M
10:38:15,1926.70,1,B
10:38:15,1926.80,1,M
10:38:15,1926.70,1,M
10:38:14,1926.70,3,M
10:38:14,1926.70,1,M
10:38:14,1926.70,1,M
10:38:14,1926.70,1,M
10:38:14,1926.70,1,M
10:38:14,1926.70,5,M
10:38:14,1926.70,6,M
10:38:14,1926.70,5,M
10:38:14,1926.70,1,M
10:38:14,1926.60,1,M
10:38:14,1926.60,20,M
10:38:14,1926.60,3,M
10:38:14,1926.60,1,M
10:38:14,1926.60,1,M
10:38:14,1926.60,1,M
10:38:14,1926.50,1,M
10:38:14,1926.50,1,M
10:38:14,1926.50,1,M
10:38:14,1926.50,1,M
10:38:14,1926.50,1,M
10:38:14,1926.50,6,M
10:38:14,1926.40,2,M
10:38:14,1926.40,1,M
10:38:14,1926.40,1,M
10:38:14,1926.40,1,M
10:38:14,1926.30,1,M
10:38:14,1926.30,1,M
10:38:14,1926.30,1,M
10:38:14,1926.20,1,M
10:38:14,1926.20,1,M
10:38:14,1926.20,1,M
10:38:14,1926.10,1,M
10:38:14,1926.10,1,M
10:38:14,1926.10,1,M
10:38:14,1926.00,1,M
10:38:14,1926.00,1,M
10:38:14,1926.00,3,M
10:38:14,1926.00,1,M
10:38:14,1926.00,1,M
10:38:14,1926.00,5,M
10:38:14,1926.00,3,M
10:38:14,1926.00,15,M
10:38:14,1926.00,1,M
10:38:14,1926.00,1,M
10:38:14,1926.00,1,M
10:38:14,1926.00,1,M
10:38:14,1926.00,3,M
10:38:14,1926.00,2,M
10:38:14,1926.00,1,M
10:38:14,1926.00,1,M
10:38:14,1926.00,1,M
10:38:14,1926.00,1,M
10:38:14,1926.00,1,M
10:38:14,1926.00,1,M
10:38:14,1926.00,1,M
10:38:14,1926.00,1,M
10:38:14,1926.00,1,M
10:38:14,1926.00,2,M
10:38:14,1926.00,1,M
10:38:14,1926.00,5,M
10:38:14,1926.00,1,M
10:38:14,1925.90,6,M
10:38:14,1925.90,5,M
10:38:14,1925.90,2,M
10:38:14,1925.90,1,M
10:38:14,1925.90,1,M
10:38:14,1925.90,1,M
10:38:14,1925.90,1,M
10:38:14,1925.80,1,M
10:38:14,1925.80,1,M
10:38:14,1925.80,1,M
10:38:14,1925.80,2,M
10:38:14,1925.80,1,M
10:38:14,1925.80,1,M
10:38:14,1925.80,1,M
10:38:14,1925.80,1,M
10:38:14,1925.80,1,M
10:38:14,1925.70,1,M
10:38:14,1925.70,1,M
10:38:14,1925.70,1,M
10:38:14,1925.70,4,M
10:38:14,1925.70,1,M
10:38:14,1925.70,1,M
10:38:14,1925.60,1,M
10:38:14,1925.60,1,M
10:38:14,1925.60,1,M
10:38:14,1925.60,5,M
10:38:14,1925.60,1,M
10:38:14,1925.60,1,M
10:38:14,1925.60,1,M
10:38:14,1925.60,1,M
10:38:14,1925.50,1,M
10:38:14,1925.50,1,M
10:38:14,1925.50,1,M
10:38:14,1925.50,5,M
10:38:14,1925.50,1,M
10:38:14,1925.50,1,M
10:38:14,1925.50,1,M
10:38:14,1925.50,1,M
10:38:14,1925.40,1,M
10:38:14,1925.40,1,M
10:38:14,1925.40,1,M
10:38:14,1925.30,1,M
10:38:14,1925.30,1,M
10:38:14,1925.20,5,M
10:38:14,1925.20,1,M
10:38:14,1925.20,1,M
10:38:14,1925.20,1,M
10:38:14,1925.20,1,M
10:38:14,1924.90,10,B
10:38:14,1925.20,1,M
10:38:14,1925.20,1,M
10:38:14,1925.20,1,M
10:38:14,1925.20,1,M
10:38:14,1925.10,6,M
10:38:14,1925.10,1,M
10:38:14,1925.10,1,M
10:38:14,1925.00,3,M
10:38:14,1925.00,1,M
10:38:14,1925.00,1,M
10:38:14,1925.00,1,M
10:38:14,1925.00,2,M
10:38:14,1925.00,10,M
10:38:14,1925.00,1,M
10:38:14,1925.00,1,M
10:38:14,1925.00,30,M
10:38:14,1925.00,14,M
10:38:14,1925.00,2,M
10:38:14,1925.00,2,M
10:38:14,1925.00,2,M
10:38:14,1925.00,1,M
10:38:14,1925.00,1,M
10:38:14,1925.00,3,M
10:38:14,1925.00,1,M
10:38:14,1925.00,2,M
10:38:14,1925.00,1,M
10:38:14,1925.00,17,M
10:38:14,1924.60,2,B
10:38:13,1925.00,2,M
10:38:13,1925.00,10,M
10:38:13,1925.00,1,M
10:38:13,1925.00,2,M
10:38:13,1925.00,10,M
10:38:13,1925.00,11,M
10:38:13,1925.00,3,M
10:38:13,1924.90,3,M
10:38:13,1924.90,2,M
10:38:13,1924.90,1,M
10:38:13,1924.90,1,M
10:38:13,1924.90,1,M
10:38:13,1925.00,100,M
10:38:13,1924.40,1,B
10:38:13,1924.40,13,B
10:38:13,1924.50,1,B
10:38:13,1924.50,1,B
10:38:13,1924.60,6,B
10:38:13,1924.60,16,B
10:38:13,1924.80,9,B
10:38:13,1924.80,1,B
10:38:13,1924.80,1,B
10:38:13,1925.00,10,M
10:38:12,1925.00,3,M
10:38:12,1925.00,1,M
10:38:12,1924.90,3,M
10:38:12,1924.90,2,M
10:38:12,1924.90,1,M
10:38:12,1924.90,1,M
10:38:12,1924.90,5,M
10:38:12,1924.90,1,B
10:38:11,1925.00,60,M
10:38:11,1925.00,5,M
10:38:11,1925.00,1,M
10:38:11,1925.00,1,M
10:38:11,1925.00,5,M
10:38:11,1925.00,1,M
10:38:11,1925.00,1,M
10:38:11,1925.00,1,M
10:38:11,1925.00,1,M
10:38:11,1925.00,152,M
10:38:11,1924.90,30,M
10:38:11,1924.90,2,M
10:38:11,1924.90,1,M
10:38:11,1924.90,1,M
10:38:11,1924.90,1,M
10:38:11,1924.90,1,M
10:38:11,1924.90,5,M
10:38:11,1924.90,2,M
10:38:11,1924.80,1,M
10:38:11,1924.80,1,M
10:38:11,1924.80,1,M
10:38:11,1924.80,5,M
10:38:11,1924.80,21,M
10:38:11,1924.80,1,M
10:38:11,1924.60,5,B
10:38:11,1924.80,1,M
10:38:11,1924.70,1,M
10:38:10,1924.80,1,M
10:38:10,1924.80,6,M
10:38:10,1924.70,1,M
10:38:10,1924.70,1,M
10:38:10,1924.60,1,M
10:38:10,1924.50,1,B
10:38:10,1924.60,1,M
10:38:10,1924.40,9,B
10:38:10,1924.40,1,B
10:38:09,1924.60,5,M
10:38:09,1924.60,10,M
10:38:09,1924.60,1,M
10:38:09,1924.40,2,B
10:38:09,1924.60,1,B
10:38:09,1924.80,1,M
10:38:08,1924.80,2,M
10:38:08,1924.70,1,M
10:38:08,1924.70,12,M
10:38:07,1924.70,4,M
10:38:07,1924.70,1,M
10:38:07,1924.60,1,B
10:38:07,1924.70,1,M
10:38:07,1924.70,1,M
10:38:07,1924.70,1,M
10:38:07,1924.70,1,M
10:38:07,1924.70,1,M
10:38:07,1924.70,2,M
10:38:07,1924.50,1,M
10:38:06,1924.70,3,M
10:38:06,1924.70,4,M
10:38:06,1924.60,1,M
10:38:06,1924.60,1,M
10:38:06,1924.50,1,M
10:38:06,1924.50,1,M
10:38:06,1924.50,1,M
10:38:06,1924.50,1,M
10:38:06,1924.60,1,M
10:38:05,1924.60,1,M
10:38:05,1924.50,1,M
10:38:05,1924.30,1,M
10:38:05,1924.30,1,M
10:38:05,1924.70,1,M
10:38:05,1924.00,1,B
10:38:05,1924.10,1,B
10:38:05,1924.10,1,B
10:38:05,1924.10,1,B
10:38:05,1924.20,1,B
10:38:05,1924.20,1,B
10:38:05,1924.20,1,B
10:38:05,1924.20,1,B
10:38:05,1924.20,1,B
10:38:05,1924.30,1,B
10:38:05,1924.30,2,B
10:38:05,1924.70,8,B
10:38:05,1924.80,1,M
10:38:04,1924.80,1,M
10:38:04,1924.70,2,B
10:38:04,1924.70,1,M
10:38:04,1924.20,1,M
10:38:04,1924.60,2,M
10:38:04,1924.60,1,M
10:38:04,1924.50,1,M
10:38:04,1924.30,1,M
10:38:03,1924.20,1,B
10:38:03,1924.00,1,B
10:38:03,1924.40,1,M
10:38:03,1924.10,1,B
10:38:03,1924.30,1,B
10:38:03,1924.20,1,B
10:38:03,1924.30,1,B
10:38:03,1924.80,15,M
10:38:03,1924.70,5,M
10:38:03,1924.60,16,M
10:38:03,1924.60,1,M
10:38:03,1924.50,3,M
10:38:03,1924.50,1,M
10:38:03,1924.30,1,B
10:38:03,1924.50,1,M
10:38:03,1924.50,1,M
10:38:03,1924.50,4,M
10:38:03,1924.40,1,M
10:38:03,1924.40,2,M
10:38:03,1924.40,1,M
10:38:03,1924.40,1,M
10:38:02,1924.40,1,M
10:38:02,1924.30,1,M
10:38:02,1924.30,1,M
10:38:02,1924.20,1,M
10:38:02,1924.20,1,M
10:38:02,1924.10,1,M
10:38:02,1924.10,1,M
10:38:02,1924.00,1,M
10:38:02,1924.00,1,M
10:38:02,1924.00,2,M
10:38:02,1924.00,19,M
10:38:02,1924.00,1,M
10:38:02,1924.00,1,M
10:38:02,1924.00,29,M
10:38:02,1924.00,2,M
10:38:02,1923.60,2,B
10:38:02,1923.90,2,M
10:38:02,1923.90,1,M
10:38:01,1923.90,1,M
10:38:01,1924.00,1,M
10:38:00,1924.00,3,M
10:38:00,1924.00,1,M
10:38:00,1924.00,1,M
10:38:00,1924.00,1,M
10:38:00,1924.00,1,M
10:38:00,1924.00,1,M
10:38:00,1924.00,1,M
10:37:59,1924.00,2,M
10:37:59,1923.60,5,B
10:37:58,1924.00,1,M
10:37:58,1923.60,1,B
10:37:58,1923.60,2,B
10:37:58,1923.60,1,B
10:37:58,1923.60,2,B
10:37:57,1924.00,1,M
10:37:57,1923.60,1,B
10:37:57,1924.00,1,M
10:37:57,1923.80,5,M
10:37:57,1923.60,1,B
10:37:56,1923.80,1,M
10:37:56,1923.70,1,M
10:37:56,1923.60,9,M
10:37:56,1923.60,10,M
10:37:56,1923.60,8,M
10:37:56,1923.20,9,B
10:37:56,1923.30,1,B
10:37:55,1923.30,2,B
10:37:55,1923.30,2,B
10:37:55,1923.30,3,B
10:37:55,1923.30,1,B
10:37:55,1923.30,1,B
10:37:54,1923.60,2,M
10:37:54,1923.60,1,M
10:37:54,1923.40,1,B
10:37:54,1923.40,6,B
10:37:54,1923.40,3,B
10:37:54,1923.50,1,B
10:37:53,1923.50,1,B
10:37:53,1923.80,1,M
10:37:52,1923.50,1,B
10:37:51,1923.60,1,B
10:37:51,1923.60,1,B
10:37:51,1923.60,1,B
10:37:51,1923.60,1,B
10:37:51,1923.60,1,B
10:37:51,1923.60,1,B
10:37:51,1923.60,10,B
10:37:51,1923.80,1,M
10:37:51,1923.70,1,B
10:37:51,1923.70,2,B
10:37:51,1923.60,1,B
10:37:51,1923.60,1,B
10:37:51,1923.80,1,M
10:37:51,1923.60,6,B
10:37:50,1923.60,2,B
10:37:50,1923.60,4,B
10:37:50,1923.60,8,B
10:37:50,1923.80,1,M
10:37:50,1923.70,1,M
10:37:50,1923.60,4,B
10:37:50,1923.60,1,B
10:37:50,1923.60,1,B
10:37:50,1923.80,1,M
10:37:49,1923.80,1,M
10:37:49,1923.70,1,B
10:37:49,1923.80,2,M
10:37:49,1923.80,1,M
10:37:48,1923.70,1,B
10:37:48,1923.70,1,B
10:37:48,1924.20,1,M
10:37:48,1924.20,1,M
10:37:48,1924.20,1,M
10:37:48,1924.10,1,M
10:37:48,1924.10,1,M
10:37:48,1924.00,1,M
10:37:48,1924.00,10,M
10:37:48,1924.00,1,M
10:37:48,1923.90,25,M
10:37:48,1923.70,4,M
10:37:48,1923.80,1,M
10:37:48,1923.80,2,M
10:37:47,1923.80,6,M
10:37:47,1923.80,1,M
10:37:47,1923.60,1,B
10:37:47,1923.80,1,M
10:37:47,1923.90,1,B
10:37:47,1924.00,2,M
10:37:46,1924.00,1,M
10:37:46,1924.00,2,M
10:37:46,1924.00,3,M
10:37:46,1924.00,10,M
10:37:46,1923.90,6,M
10:37:46,1923.90,1,B
10:37:46,1923.90,1,B
10:37:46,1924.00,1,M
10:37:46,1924.00,1,B
10:37:46,1924.00,1,B
10:37:46,1924.00,1,B
10:37:46,1924.00,3,B
10:37:46,1924.00,1,B
10:37:46,1924.00,1,B
10:37:46,1924.00,1,B
10:37:46,1924.00,5,B
10:37:46,1924.00,24,B
10:37:46,1924.10,1,B
10:37:46,1924.20,1,M
10:37:46,1924.20,1,M
10:37:45,1924.20,1,M
10:37:45,1924.10,3,B
10:37:45,1924.00,1,B
10:37:45,1924.00,7,B
10:37:45,1924.10,1,B
10:37:45,1924.10,1,B
10:37:44,1924.40,1,M
10:37:44,1924.40,1,B
10:37:44,1924.50,1,M
10:37:44,1924.50,1,M
10:37:44,1924.50,1,M
10:37:44,1924.50,3,M
10:37:44,1924.10,1,B
10:37:44,1924.30,1,B
10:37:44,1924.60,5,M
10:37:43,1924.10,1,B
10:37:43,1924.10,2,B
10:37:43,1924.30,1,B
10:37:43,1924.60,1,M
10:37:43,1924.60,1,M
10:37:43,1924.60,7,M
10:37:43,1924.50,1,M
10:37:43,1924.50,1,M
10:37:43,1924.10,2,B
10:37:43,1924.00,42,B
10:37:43,1924.10,1,B
10:37:43,1924.10,1,B
10:37:43,1924.10,1,B
10:37:42,1924.60,1,M
10:37:42,1924.60,2,B
10:37:42,1924.60,1,B
10:37:42,1924.50,1,M
10:37:42,1924.50,1,M
10:37:42,1924.40,1,M
10:37:42,1924.00,1,B
10:37:42,1924.10,1,B
10:37:42,1924.10,1,B
10:37:42,1924.40,2,M
10:37:42,1924.40,1,M
10:37:42,1924.60,3,M
10:37:42,1924.50,1,M
10:37:42,1924.50,1,M
10:37:42,1924.50,1,M
10:37:42,1924.00,20,B
10:37:41,1924.00,1,B
10:37:41,1924.50,1,M
10:37:41,1924.50,1,M
10:37:41,1924.10,1,B
10:37:41,1924.00,4,B
10:37:41,1924.00,10,B
10:37:41,1924.10,1,B
10:37:41,1924.10,1,B
10:37:41,1924.10,14,B
10:37:41,1924.30,1,B
10:37:41,1924.60,1,M
10:37:41,1924.60,1,M
10:37:41,1924.60,1,M
10:37:41,1924.60,1,M
10:37:40,1924.60,1,M
10:37:40,1924.40,1,B
10:37:40,1924.60,5,M
10:37:40,1924.60,1,M
10:37:40,1924.60,1,M
10:37:40,1924.60,1,M
10:37:40,1924.60,6,M
10:37:40,1924.20,1,B
10:37:40,1924.80,4,M
10:37:40,1924.50,1,M
10:37:40,1924.30,1,B
10:37:40,1924.50,1,M
10:37:39,1924.40,3,M
10:37:39,1924.40,1,B
10:37:39,1924.80,1,M
10:37:39,1924.50,2,B
10:37:39,1924.50,2,B
10:37:39,1924.70,1,B
10:37:38,1924.80,5,M
10:37:38,1924.80,7,M
10:37:38,1924.50,1,M
10:37:38,1924.50,1,M
10:37:38,1924.50,1,M
10:37:37,1924.70,1,M
10:37:37,1924.70,1,M
10:37:37,1924.70,2,M
10:37:37,1924.20,1,B
10:37:37,1924.20,1,B
10:37:37,1924.20,1,B
10:37:37,1924.20,5,B
10:37:37,1924.70,1,M
10:37:37,1924.70,2,M
10:37:37,1924.20,11,B
10:37:37,1924.30,1,B
10:37:37,1924.30,1,B
10:37:37,1924.30,1,B
10:37:37,1924.30,1,B
10:37:37,1924.30,4,B
10:37:37,1924.40,1,B
10:37:37,1924.40,1,B
10:37:37,1924.50,1,B
10:37:37,1924.70,1,M
10:37:37,1924.50,1,B
10:37:37,1924.70,1,M
10:37:37,1924.70,3,M
10:37:37,1924.70,1,M
10:37:37,1924.70,2,M
10:37:37,1924.70,2,M
10:37:37,1924.50,1,B
10:37:37,1924.70,10,M
10:37:37,1924.70,1,M
10:37:36,1924.70,4,M
10:37:36,1924.80,2,B
10:37:36,1925.00,1,M
10:37:36,1925.00,12,M
10:37:36,1924.90,1,M
10:37:36,1924.90,2,M
10:37:36,1924.40,1,B
10:37:36,1924.40,4,B
10:37:36,1924.40,1,B
10:37:36,1924.40,1,B
10:37:36,1924.50,1,B
10:37:36,1924.90,1,B
10:37:36,1925.00,1,M
10:37:36,1925.00,34,M
10:37:36,1925.00,1,M
10:37:36,1925.00,5,M
10:37:36,1925.00,1,M
10:37:35,1924.80,1,M
10:37:35,1924.70,1,B
10:37:35,1924.80,1,M
10:37:35,1924.80,1,M
10:37:35,1925.00,1,M
10:37:35,1925.00,1,M
10:37:35,1925.00,2,M
10:37:35,1924.90,1,M
10:37:35,1924.90,1,B
10:37:35,1924.90,1,B
10:37:35,1924.90,1,B
10:37:35,1925.00,1,M
10:37:35,1925.00,1,M
10:37:35,1925.00,2,M
10:37:35,1925.00,5,M
10:37:35,1925.00,1,M
10:37:35,1925.00,10,M
10:37:35,1925.00,1,M
10:37:35,1925.00,3,M
10:37:35,1925.00,8,M
10:37:35,1925.00,1,M
10:37:34,1925.00,1,M
10:37:34,1925.00,5,M
10:37:34,1924.90,1,M
10:37:34,1924.90,1,M
10:37:34,1924.90,1,M
10:37:34,1924.40,1,B
10:37:34,1924.70,1,M
10:37:34,1924.40,1,B
10:37:34,1924.30,1,B
10:37:34,1925.00,5,M
10:37:34,1925.00,1,M
10:37:34,1925.00,1,M
10:37:34,1925.00,1,M
10:37:34,1925.00,2,M
10:37:34,1925.00,1,M
10:37:34,1925.00,1,M
10:37:34,1925.00,1,M
10:37:34,1925.00,3,M
10:37:34,1925.00,1,M
10:37:34,1925.00,1,M
10:37:34,1925.00,1,M
10:37:34,1925.00,2,M
10:37:34,1925.00,4,M
10:37:34,1925.00,15,M
10:37:34,1925.00,1,M
10:37:34,1925.00,2,M
10:37:34,1925.00,3,M
10:37:34,1925.00,1,M
10:37:34,1925.00,5,M
10:37:34,1925.00,2,M
10:37:34,1925.00,3,M
10:37:34,1925.00,10,M
10:37:34,1924.90,1,M
10:37:34,1924.90,10,M
10:37:34,1924.90,1,M
10:37:34,1924.90,1,M
10:37:34,1924.80,1,M
10:37:34,1924.80,20,M
10:37:34,1924.80,2,M
10:37:34,1924.80,1,M
10:37:34,1924.80,1,M
10:37:34,1924.80,1,M
10:37:34,1924.70,1,M
10:37:34,1924.70,5,M
10:37:34,1924.70,1,M
10:37:34,1924.60,1,M
10:37:34,1924.60,20,M
10:37:34,1924.60,3,M
10:37:34,1924.50,1,M
10:37:34,1924.40,2,M
10:37:34,1924.40,2,M
10:37:34,1924.40,1,M
10:37:34,1924.20,10,M
10:37:34,1924.20,1,M
10:37:34,1924.20,1,M
10:37:33,1924.00,1,B
10:37:33,1924.00,1,M
10:37:33,1924.00,2,B
10:37:33,1924.00,2,M
10:37:33,1924.00,1,M
10:37:33,1924.00,1,M
10:37:33,1924.00,5,M
10:37:33,1924.00,2,M
10:37:33,1923.60,1,B
10:37:33,1923.60,4,B
10:37:33,1923.80,2,B
10:37:33,1923.80,11,B
10:37:33,1924.00,1,M
10:37:33,1924.00,3,M
10:37:33,1924.00,17,M
10:37:33,1923.60,8,B
10:37:33,1923.70,10,B
10:37:33,1924.00,3,M
10:37:33,1924.00,17,M
10:37:33,1923.90,1,M
10:37:33,1923.90,14,M
10:37:33,1923.90,1,M
10:37:32,1923.90,15,M
10:37:32,1924.00,2,M
10:37:32,1924.00,1,M
10:37:32,1924.00,4,M
10:37:32,1924.00,96,M
10:37:32,1924.00,5,M
10:37:32,1923.90,5,M
10:37:32,1923.60,1,B
10:37:32,1923.70,1,B
10:37:31,1923.80,1,M
10:37:31,1923.70,2,M
10:37:31,1923.70,2,M
10:37:31,1923.60,2,B
10:37:31,1924.00,1,M
10:37:31,1924.00,8,M
10:37:31,1924.00,1,M
10:37:31,1924.00,1,M
10:37:31,1924.00,1,M
10:37:31,1923.90,1,M
10:37:30,1924.00,1,M
10:37:30,1923.90,2,M
10:37:30,1923.90,1,M
10:37:30,1923.90,1,M
10:37:30,1923.90,8,M
10:37:30,1923.80,2,M
10:37:30,1923.80,1,M
10:37:30,1923.80,1,M
10:37:30,1923.80,1,M
10:37:30,1923.80,1,M
10:37:30,1923.80,1,M
10:37:30,1923.80,2,M
10:37:30,1923.70,1,M
10:37:30,1923.30,1,B
10:37:30,1923.60,2,M
10:37:30,1923.30,3,M
10:37:30,1923.10,2,B
10:37:30,1923.10,2,B
10:37:30,1923.10,4,B
10:37:30,1923.20,1,B
10:37:30,1923.20,1,B
10:37:30,1923.30,1,M
10:37:30,1923.30,1,M
10:37:30,1923.60,1,M
10:37:29,1923.20,2,B
10:37:29,1923.60,1,M
10:37:29,1923.10,4,B
10:37:29,1923.10,1,B
10:37:29,1923.10,1,B
10:37:29,1923.10,1,B
10:37:29,1923.10,1,B
10:37:29,1923.10,1,B
10:37:29,1923.10,2,B
10:37:29,1923.30,1,B
10:37:29,1923.40,2,B
10:37:29,1923.40,1,B
10:37:29,1923.90,3,M
10:37:29,1923.80,2,M
10:37:29,1923.80,1,M
10:37:29,1923.30,1,B
10:37:28,1923.90,19,M
10:37:28,1923.70,1,M
10:37:28,1923.70,1,M
10:37:28,1923.60,1,M
10:37:28,1923.60,1,M
10:37:28,1923.60,1,M
10:37:28,1923.50,4,M
10:37:28,1923.40,1,M
10:37:28,1923.40,1,M
10:37:28,1923.00,1,B
10:37:28,1923.10,3,M
10:37:28,1923.00,1,B
10:37:28,1923.10,1,M
10:37:28,1923.10,1,M
10:37:28,1923.10,1,M
10:37:28,1923.10,1,M
10:37:28,1923.10,1,M
10:37:28,1923.10,1,M
10:37:28,1923.00,1,B
10:37:27,1923.10,1,B
10:37:27,1923.10,1,B
10:37:27,1923.20,1,B
10:37:27,1923.20,1,B
10:37:27,1923.20,3,B
10:37:27,1923.30,1,B
10:37:27,1923.30,11,B
10:37:27,1923.40,1,B
10:37:27,1923.40,1,B
10:37:27,1923.50,1,M
10:37:27,1923.90,15,M
10:37:27,1923.90,2,M
10:37:27,1923.80,1,M
10:37:27,1923.80,1,M
10:37:27,1923.80,1,M
10:37:27,1923.80,1,M
10:37:27,1923.80,1,M
10:37:27,1923.80,2,M
10:37:27,1923.80,1,M
10:37:27,1923.80,1,M
10:37:27,1923.50,1,M
10:37:27,1923.50,1,M
10:37:27,1923.40,1,M
10:37:27,1923.40,1,M
10:37:27,1923.30,5,M
10:37:27,1923.30,5,M
10:37:26,1923.30,1,M
10:37:26,1923.30,5,M
10:37:26,1923.30,3,M
10:37:26,1923.40,3,M
10:37:26,1923.30,1,M
10:37:26,1923.20,1,M
10:37:26,1923.30,1,M
10:37:26,1922.90,1,B
10:37:26,1923.20,1,B
10:37:26,1922.90,1,B
10:37:26,1922.90,1,B
10:37:26,1922.90,1,B
10:37:26,1922.90,1,B
10:37:26,1923.00,1,B
10:37:26,1923.00,3,B
10:37:26,1923.10,1,B
10:37:26,1923.20,9,B
10:37:25,1923.20,1,B
10:37:25,1923.20,1,B
10:37:25,1923.30,1,B
10:37:25,1923.30,1,B
10:37:25,1923.40,1,B
10:37:25,1923.50,1,M
10:37:25,1923.30,1,B
10:37:25,1923.30,1,B
10:37:25,1923.50,1,M
10:37:25,1923.50,1,M
10:37:25,1923.40,1,B
10:37:24,1923.50,1,M
10:37:24,1923.40,1,B
10:37:24,1923.50,1,M
10:37:24,1923.30,1,B
10:37:24,1923.30,1,B
10:37:24,1923.40,1,M
10:37:24,1923.40,1,B
10:37:24,1923.40,1,B
10:37:24,1923.40,1,B
10:37:24,1923.50,1,M
10:37:24,1923.40,1,B
10:37:24,1923.40,1,B
10:37:23,1923.40,1,B
10:37:23,1923.40,2,B
10:37:23,1923.80,1,M
10:37:23,1923.90,1,M
10:37:23,1923.90,1,M
10:37:23,1923.90,1,M
10:37:23,1923.90,1,M
10:37:23,1923.90,1,M
10:37:23,1923.90,1,M
10:37:23,1923.80,1,M
10:37:23,1923.80,1,M
10:37:23,1923.80,1,M
10:37:23,1923.80,1,M
10:37:23,1923.40,1,B
10:37:23,1923.90,1,M
10:37:23,1923.90,1,M
10:37:23,1923.30,1,B
10:37:23,1923.20,19,B
10:37:23,1923.20,1,B
10:37:23,1923.30,1,B
10:37:23,1923.30,1,B
10:37:23,1923.30,1,B
10:37:23,1923.30,11,B
10:37:23,1923.40,1,B
10:37:23,1923.50,1,B
10:37:23,1923.60,4,B
10:37:23,1923.70,1,B
10:37:23,1923.70,1,B
10:37:23,1923.70,1,B
10:37:23,1923.70,1,B
10:37:23,1923.70,1,B
10:37:23,1923.80,1,B
10:37:22,1924.00,5,M
10:37:22,1923.80,1,B
10:37:22,1924.00,1,M
10:37:22,1924.00,17,M
10:37:22,1923.90,15,M
10:37:22,1923.90,7,M
10:37:22,1923.90,18,M
10:37:22,1923.90,2,M
10:37:22,1923.90,1,M
10:37:22,1923.90,2,M
10:37:22,1923.90,1,B
10:37:22,1924.00,1,M
10:37:22,1924.00,1,B
10:37:22,1924.00,2,B
10:37:22,1924.00,1,B
10:37:22,1924.00,1,B
10:37:22,1924.10,4,M
10:37:22,1924.10,5,M
10:37:22,1924.00,1,B
10:37:22,1924.00,1,B
10:37:22,1924.00,1,B
10:37:22,1924.00,2,B
10:37:22,1924.00,4,B
10:37:22,1924.00,10,B
10:37:21,1924.10,1,B
10:37:21,1924.10,1,B
10:37:21,1924.20,1,B
10:37:21,1924.20,1,B
10:37:21,1924.40,6,M
10:37:21,1924.30,1,M
10:37:21,1924.30,1,M
10:37:21,1924.30,1,M
10:37:21,1924.30,1,M
10:37:21,1924.20,1,B
10:37:21,1924.20,1,B
10:37:20,1924.00,2,B
10:37:20,1924.10,4,B
10:37:20,1924.10,1,B
10:37:20,1924.20,1,B
10:37:20,1924.20,1,B
10:37:20,1924.30,1,B
10:37:20,1924.60,1,M
10:37:20,1924.40,1,M
10:37:20,1924.20,2,B
10:37:20,1924.40,1,M
10:37:20,1924.60,1,M
10:37:20,1924.60,1,M
10:37:20,1924.20,1,B
10:37:20,1924.60,1,B
10:37:20,1924.70,1,M
10:37:20,1924.70,1,M
10:37:20,1924.70,2,M
10:37:20,1924.70,1,M
10:37:20,1924.70,1,M
10:37:20,1924.60,4,M
10:37:20,1924.60,1,M
10:37:19,1924.70,1,M
10:37:19,1924.60,1,M
10:37:19,1924.60,1,M
10:37:19,1924.60,1,M
10:37:19,1924.50,1,M
10:37:19,1924.60,1,M
10:37:19,1924.20,1,B
10:37:19,1924.20,1,B
10:37:19,1924.60,1,M
10:37:19,1924.60,1,B
10:37:19,1924.80,2,M
10:37:19,1924.80,6,M
10:37:19,1924.00,18,B
10:37:19,1924.00,1,B
10:37:19,1924.10,1,B
10:37:19,1924.10,2,B
10:37:19,1924.10,1,B
10:37:19,1924.10,1,B
10:37:19,1924.20,1,B
10:37:19,1924.20,7,B
10:37:19,1924.30,1,B
10:37:19,1924.30,1,B
10:37:19,1924.30,1,B
10:37:19,1924.30,1,B
10:37:19,1924.40,2,B
10:37:19,1924.50,1,B
10:37:19,1924.60,1,B
10:37:19,1924.70,3,B
10:37:19,1924.70,2,B
10:37:19,1924.80,1,M
10:37:19,1924.80,1,M
10:37:18,1924.80,19,M
10:37:18,1924.80,1,M
10:37:18,1924.80,1,M
10:37:18,1924.80,1,M
10:37:18,1924.80,1,M
10:37:18,1924.80,1,M
10:37:18,1924.70,1,M
10:37:18,1924.20,1,B
10:37:18,1924.80,1,M
10:37:18,1924.50,1,M
10:37:18,1924.50,1,M
10:37:18,1924.80,1,M
10:37:18,1924.70,1,M
10:37:18,1924.70,1,M
10:37:18,1924.70,1,M
10:37:18,1924.60,1,M
10:37:18,1924.00,1,B
10:37:18,1924.80,1,M
10:37:18,1924.80,1,M
10:37:18,1924.80,1,M
10:37:18,1924.80,2,M
10:37:18,1924.80,4,M
10:37:18,1924.40,1,M
10:37:18,1924.40,2,M
10:37:18,1924.30,1,B
10:37:18,1924.40,1,M
10:37:18,1924.40,1,M
10:37:18,1924.40,1,M
10:37:18,1924.40,2,M
10:37:18,1924.40,1,M
10:37:18,1924.40,1,M
10:37:18,1924.40,1,M
10:37:18,1924.40,1,M
10:37:18,1924.40,1,M
10:37:18,1924.40,1,M
10:37:18,1924.40,1,M
10:37:18,1924.40,1,B
10:37:18,1924.40,1,B
10:37:18,1924.40,1,B
10:37:18,1924.40,1,B
10:37:18,1924.40,1,B
10:37:18,1924.40,2,B
10:37:18,1924.50,2,B
10:37:18,1924.50,1,B
10:37:18,1924.50,1,B
10:37:18,1924.60,1,B
10:37:18,1924.70,3,B
10:37:18,1924.90,1,B
10:37:17,1925.00,1,M
10:37:17,1924.80,1,B
10:37:17,1925.00,1,M
10:37:17,1925.00,1,M
10:37:17,1925.00,3,M
10:37:17,1925.00,1,M
10:37:17,1925.00,1,M
10:37:17,1925.00,1,M
10:37:17,1924.90,1,M
10:37:17,1924.90,1,M
10:37:17,1924.90,2,M
10:37:17,1924.90,1,M
10:37:17,1924.90,1,M
10:37:17,1924.80,2,M
10:37:17,1924.80,1,M
10:37:17,1924.70,1,M
10:37:17,1924.70,1,M
10:37:17,1924.60,1,M
10:37:17,1924.60,1,M
10:37:17,1924.50,1,M
10:37:17,1924.50,3,M
10:37:17,1924.40,1,M
10:37:17,1924.50,2,M
10:37:17,1924.50,2,M
10:37:17,1924.40,1,M
10:37:17,1924.40,1,M
10:37:17,1924.10,1,B
10:37:17,1924.20,1,M
10:37:17,1924.50,8,M
10:37:17,1923.90,7,M
10:37:17,1923.70,1,B
10:37:17,1923.80,1,B
10:37:16,1923.90,1,M
10:37:16,1923.90,1,M
10:37:16,1923.90,1,M
10:37:16,1923.90,1,B
10:37:16,1924.00,1,B
10:37:16,1924.50,1,M
10:37:16,1924.50,1,M
10:37:16,1924.50,1,M
10:37:16,1924.50,1,M
10:37:16,1924.50,1,M
10:37:16,1924.50,1,M
10:37:16,1924.50,1,M
10:37:16,1924.50,1,M
10:37:16,1924.50,1,M
10:37:16,1924.50,1,M
10:37:16,1924.50,1,M
10:37:16,1924.50,1,M
10:37:16,1924.50,7,M
10:37:16,1924.50,1,M
10:37:16,1924.50,2,M
10:37:16,1924.40,1,M
10:37:16,1924.40,1,M
10:37:16,1924.40,1,M
10:37:16,1924.40,5,M
10:37:16,1924.40,1,M
10:37:16,1924.40,2,M
10:37:16,1924.40,1,M
10:37:16,1924.40,4,M
10:37:16,1924.30,1,M
10:37:16,1923.90,1,M
10:37:16,1924.00,1,B
10:37:16,1924.00,1,B
10:37:16,1924.00,1,B
10:37:16,1924.30,1,M
10:37:16,1924.30,1,M
10:37:16,1923.90,1,M
10:37:16,1923.80,1,B
10:37:16,1924.10,1,B
10:37:16,1924.10,1,B
10:37:16,1924.10,1,B
10:37:16,1924.10,1,B
10:37:16,1924.10,1,B
10:37:16,1924.40,1,M
10:37:16,1924.40,1,M
10:37:16,1924.00,1,M
10:37:16,1924.00,1,M
10:37:16,1923.80,1,M
10:37:16,1923.90,1,M
10:37:16,1923.90,1,M
10:37:16,1923.90,1,M
10:37:16,1923.70,1,M
10:37:16,1923.70,1,M
10:37:16,1923.70,1,M
10:37:16,1923.70,1,M
10:37:16,1923.60,3,M
10:37:16,1923.30,1,B
10:37:16,1923.40,1,B
10:37:16,1923.50,1,B
10:37:16,1923.60,1,M
10:37:16,1924.40,1,M
10:37:16,1924.30,2,M
10:37:16,1924.30,1,M
10:37:16,1924.20,1,M
10:37:16,1924.10,1,M
10:37:16,1924.00,2,M
10:37:16,1924.00,1,M
10:37:16,1924.00,2,M
10:37:16,1924.00,1,M
10:37:16,1924.00,3,M
10:37:16,1924.00,2,M
10:37:16,1923.90,1,M
10:37:16,1923.90,1,M
10:37:16,1924.00,1,M
10:37:16,1924.00,3,M
10:37:16,1924.00,1,M
10:37:16,1924.00,3,M
10:37:16,1923.30,1,B
10:37:16,1923.40,1,B
10:37:16,1923.40,1,B
10:37:16,1923.40,1,B
10:37:16,1923.50,1,B
10:37:16,1923.60,1,B
10:37:16,1923.70,1,B
10:37:16,1923.80,3,B
10:37:16,1923.90,1,B
10:37:16,1923.90,1,B
10:37:16,1924.00,2,M
10:37:16,1923.90,1,B
10:37:15,1924.00,1,M
10:37:15,1924.00,1,M
10:37:15,1924.00,1,M
10:37:15,1924.00,1,M
10:37:15,1924.00,1,M
10:37:15,1924.00,1,M
10:37:15,1924.00,1,M
10:37:15,1923.90,1,B
10:37:15,1924.00,1,M
10:37:15,1923.90,1,B
10:37:15,1923.80,1,B
10:37:15,1924.00,1,M
10:37:15,1924.00,1,M
10:37:15,1924.00,1,M
10:37:15,1924.00,1,M
10:37:15,1924.00,1,M
10:37:15,1924.00,1,M
10:37:15,1923.30,2,M
10:37:15,1924.00,1,M
10:37:15,1924.00,1,M
10:37:15,1924.00,1,M
10:37:15,1924.00,3,M
10:37:15,1924.00,6,M
10:37:15,1924.00,1,M
10:37:15,1924.00,2,M
10:37:15,1924.00,5,M
10:37:15,1923.90,1,M
10:37:15,1923.90,5,M
10:37:15,1923.90,50,M
10:37:15,1923.90,1,M
10:37:15,1923.90,1,M
10:37:15,1923.90,5,M
10:37:15,1923.80,5,M
10:37:15,1923.80,1,M
10:37:15,1923.80,6,M
10:37:15,1923.80,1,M
10:37:15,1923.80,2,M
10:37:15,1923.70,1,M
10:37:15,1923.70,1,M
10:37:15,1923.70,4,M
10:37:15,1923.10,1,M
10:37:15,1923.10,1,M
10:37:15,1923.00,1,B
10:37:15,1923.10,1,B
10:37:15,1923.50,1,M
10:37:15,1923.70,1,M
10:37:15,1923.70,1,M
10:37:15,1923.60,2,M
10:37:15,1923.60,1,M
10:37:15,1923.60,3,M
10:37:15,1923.40,1,M
10:37:15,1923.40,1,M
10:37:15,1923.00,2,M
10:37:15,1923.60,1,M
10:37:15,1923.60,1,M
10:37:15,1923.50,1,M
10:37:15,1923.50,1,M
10:37:15,1923.50,1,M
10:37:15,1923.50,1,M
10:37:15,1923.50,1,M
10:37:15,1923.40,1,M
10:37:15,1923.40,1,M
10:37:15,1923.30,1,M
10:37:15,1923.30,1,M
10:37:15,1923.30,1,M
10:37:15,1923.30,1,M
10:37:15,1923.20,1,M
10:37:15,1923.20,2,M
10:37:15,1923.20,2,M
10:37:15,1923.00,1,M
10:37:15,1923.00,1,M
10:37:15,1923.00,1,M
10:37:15,1923.00,1,M
10:37:15,1923.00,1,M
10:37:15,1923.00,1,M
10:37:15,1923.00,5,M
10:37:15,1923.00,1,M
10:37:15,1923.00,2,M
10:37:15,1923.00,1,M
10:37:15,1922.50,1,B
10:37:15,1922.50,1,B
10:37:15,1922.60,1,B
10:37:15,1922.60,10,B
10:37:15,1922.60,1,B
10:37:15,1923.00,1,M
10:37:14,1923.00,3,M
10:37:14,1923.00,1,M
10:37:14,1923.00,1,M
10:37:14,1923.00,1,M
10:37:14,1923.00,5,M
10:37:14,1923.00,1,M
10:37:14,1922.90,1,M
10:37:14,1922.90,1,M
10:37:14,1922.90,5,M
10:37:14,1922.80,2,M
10:37:14,1922.70,1,M
10:37:14,1922.70,1,M
10:37:14,1922.60,1,B
10:37:14,1922.90,1,M
10:37:14,1922.80,1,M
10:37:14,1922.80,1,M
10:37:14,1922.80,3,M
10:37:14,1922.20,1,B
10:37:14,1922.20,1,B
10:37:14,1922.20,12,B
10:37:14,1922.30,2,B
10:37:14,1922.80,2,M
10:37:14,1922.80,1,M
10:37:14,1923.00,11,M
10:37:14,1923.00,1,M
10:37:14,1923.00,1,M
10:37:14,1923.00,1,M
10:37:14,1923.00,1,M
10:37:14,1923.00,5,M
10:37:14,1923.00,39,M
10:37:14,1922.90,1,M
10:37:14,1922.90,1,M
10:37:14,1922.90,4,M
10:37:14,1922.90,1,M
10:37:14,1922.20,1,B
10:37:14,1922.30,1,B
10:37:14,1922.30,2,B
10:37:14,1922.30,1,B
10:37:14,1922.30,1,B
10:37:14,1922.40,1,B
10:37:14,1922.40,2,B
10:37:14,1922.40,1,B
10:37:14,1922.40,1,B
10:37:14,1922.90,1,M
10:37:14,1922.40,1,B
10:37:14,1922.90,4,M
10:37:14,1922.90,13,M
10:37:13,1922.90,1,M
10:37:13,1922.90,6,M
10:37:13,1922.90,5,M
10:37:13,1922.90,1,M
10:37:13,1922.90,1,M
10:37:13,1922.90,1,M
10:37:13,1922.80,1,M
10:37:13,1922.70,1,M
10:37:13,1922.70,1,M
10:37:13,1922.70,1,M
10:37:13,1922.70,1,M
10:37:13,1922.70,1,M
10:37:13,1922.70,1,M
10:37:13,1922.60,1,M
10:37:13,1922.50,1,M
10:37:13,1922.50,10,M
10:37:13,1922.50,12,M
10:37:13,1922.50,1,M
10:37:13,1922.40,1,B
10:37:13,1922.50,1,M
10:37:12,1922.50,2,M
10:37:12,1922.40,1,M
10:37:12,1922.40,1,M
10:37:12,1922.40,1,M
10:37:12,1922.40,1,M
10:37:12,1922.30,1,B
10:37:12,1922.40,1,M
10:37:12,1922.40,1,M
10:37:12,1922.30,1,B
10:37:12,1922.40,1,M
10:37:11,1922.20,1,M
10:37:11,1922.10,1,B
10:37:11,1922.10,1,B
10:37:11,1922.10,1,B
10:37:11,1922.10,1,B
10:37:11,1922.00,1,M
10:37:11,1922.00,1,M
10:37:11,1922.00,2,M
10:37:11,1921.90,8,M
10:37:11,1921.90,5,M
10:37:11,1921.80,1,M
10:37:11,1921.80,1,M
10:37:11,1921.80,1,M
10:37:11,1921.80,1,M
10:37:11,1921.70,1,M
10:37:11,1921.70,1,M
10:37:11,1921.70,4,M
10:37:11,1921.70,1,M
10:37:11,1921.70,4,M
10:37:11,1921.60,1,M
10:37:11,1921.60,1,M
10:37:11,1921.50,1,M
10:37:11,1921.50,1,M
10:37:11,1921.50,43,M
10:37:11,1921.20,8,M
10:37:11,1921.10,5,B
10:37:11,1921.20,8,M
10:37:11,1921.20,1,M
10:37:11,1921.20,1,M
10:37:10,1921.20,7,B
10:37:10,1921.40,1,M
10:37:09,1921.50,1,M
10:37:09,1921.20,4,B
10:37:09,1921.50,1,M
10:37:09,1921.50,1,B
10:37:09,1921.50,3,M
10:37:09,1921.50,1,M
10:37:08,1921.20,1,B
10:37:08,1921.10,1,B
10:37:08,1921.50,1,M
10:37:08,1921.10,1,B
10:37:08,1921.20,1,B
10:37:07,1921.50,1,M
10:37:07,1921.10,3,B
10:37:07,1921.20,2,B
10:37:07,1921.20,2,B
10:37:07,1921.30,1,B
10:37:07,1921.50,1,B
10:37:07,1921.60,8,B
10:37:07,1921.60,1,B
10:37:07,1921.60,1,M
10:37:07,1921.60,1,M
10:37:07,1921.50,1,M
10:37:06,1921.50,1,M
10:37:06,1921.10,1,B
10:37:06,1921.20,1,B
10:37:06,1921.20,1,B
10:37:06,1921.60,1,B
10:37:06,1921.70,1,M
10:37:06,1921.70,1,M
10:37:06,1921.60,1,M
10:37:06,1921.50,1,M
10:37:06,1921.40,2,M
10:37:05,1921.40,1,M
10:37:05,1921.40,2,M
10:37:05,1921.40,1,M
10:37:05,1921.10,1,B
10:37:05,1921.30,1,M
10:37:05,1921.10,1,B
10:37:05,1921.10,1,B
10:37:05,1921.10,5,B
10:37:05,1921.20,3,B
10:37:04,1921.50,2,M
10:37:04,1921.30,1,B
10:37:04,1921.30,1,B
10:37:04,1921.30,1,B
10:37:04,1921.50,4,M
10:37:04,1921.40,1,M
10:37:04,1921.30,1,B
10:37:04,1921.30,1,B
10:37:04,1921.40,1,B
10:37:03,1921.30,1,B
10:37:03,1921.40,1,B
10:37:03,1921.70,6,M
10:37:03,1921.70,1,M
10:37:03,1921.40,1,B
10:37:03,1921.60,1,B
10:37:02,1921.70,1,M
10:37:02,1921.40,1,B
10:37:02,1921.70,6,M
10:37:01,1921.80,1,M
10:37:01,1921.40,1,B
10:37:01,1921.40,1,B
10:37:01,1921.70,1,M
10:37:01,1921.50,1,B
10:37:01,1921.50,1,B
10:37:00,1921.70,1,M
10:37:00,1921.60,2,M
10:37:00,1921.70,1,B
10:37:00,1921.70,1,M
10:37:00,1921.60,5,B
10:37:00,1921.60,1,B
10:37:00,1921.60,1,B
10:37:00,1921.60,10,B
10:37:00,1921.70,2,B
10:37:00,1921.90,1,M
10:37:00,1921.70,1,B
10:36:59,1922.00,1,M
10:36:59,1922.10,1,M
10:36:59,1922.10,20,M
10:36:59,1921.90,1,M
10:36:59,1921.90,1,M
10:36:59,1921.90,1,M
10:36:59,1921.90,1,M
10:36:59,1921.60,20,B
10:36:58,1921.70,1,B
10:36:58,1922.00,1,M
10:36:58,1922.00,1,M
10:36:58,1921.60,1,B
10:36:58,1922.00,4,M
10:36:58,1921.90,1,M
10:36:57,1921.90,1,M
10:36:57,1921.70,4,B
10:36:57,1921.70,1,B
10:36:57,1921.70,1,B
10:36:57,1921.80,1,B
10:36:57,1921.80,1,B
10:36:57,1921.90,1,B
10:36:57,1921.90,1,B
10:36:57,1921.90,1,B
10:36:57,1921.90,1,B
10:36:57,1921.90,1,B
10:36:57,1921.90,1,B
10:36:57,1922.00,30,B
10:36:56,1922.10,1,M
10:36:56,1922.10,1,M
10:36:56,1922.00,1,B
10:36:56,1922.30,4,M
10:36:56,1922.20,1,M
10:36:56,1922.00,1,B
10:36:56,1922.20,1,M
10:36:56,1922.00,3,B
10:36:56,1922.00,1,B
10:36:56,1922.10,2,M
10:36:56,1922.00,1,B
10:36:56,1922.00,1,B
10:36:56,1922.00,5,B
10:36:56,1922.10,9,M
10:36:56,1922.10,1,B
10:36:56,1922.10,3,B
10:36:56,1922.30,1,M
10:36:56,1922.30,1,M
10:36:56,1922.20,1,B
10:36:56,1922.20,1,B
10:36:55,1922.30,3,M
10:36:55,1922.30,1,B
10:36:55,1922.50,30,M
10:36:55,1922.50,4,M
10:36:55,1922.50,1,M
10:36:55,1922.50,1,M
10:36:55,1922.30,1,B
10:36:55,1922.50,1,M
10:36:55,1922.40,1,M
10:36:55,1922.30,1,M
10:36:54,1922.30,10,M
10:36:54,1922.30,5,M
10:36:54,1922.30,17,B
10:36:54,1922.30,13,B
10:36:54,1922.30,1,B
10:36:54,1922.40,1,M
10:36:54,1922.30,1,B
10:36:54,1922.30,1,B
10:36:54,1922.50,2,M
10:36:54,1922.70,1,M
10:36:54,1922.70,1,M
10:36:54,1922.40,1,M
10:36:54,1922.40,2,B
10:36:54,1922.70,15,M
10:36:54,1922.70,1,M
10:36:54,1922.70,4,M
10:36:54,1922.70,1,M
10:36:54,1922.40,8,B
10:36:53,1922.40,3,B
10:36:53,1922.50,3,B
10:36:53,1922.70,2,M
10:36:53,1922.50,1,B
10:36:53,1922.70,10,M
10:36:53,1922.70,1,M
10:36:53,1922.70,1,M
10:36:53,1922.70,2,M
10:36:53,1922.70,1,M
10:36:53,1922.50,1,B
10:36:53,1922.70,2,M
10:36:53,1922.70,2,M
10:36:53,1922.70,3,M
10:36:52,1922.50,2,B
10:36:52,1922.90,2,M
10:36:52,1922.90,1,M
10:36:52,1922.60,1,B
10:36:52,1922.90,4,M
10:36:52,1922.80,1,M
10:36:52,1922.80,2,M
10:36:52,1922.80,1,M
10:36:52,1922.90,12,B
10:36:51,1923.00,1,M
10:36:51,1922.90,2,B
10:36:51,1922.90,1,M
10:36:51,1923.00,1,M
10:36:51,1922.90,1,M
10:36:51,1922.90,8,M
10:36:51,1922.50,1,M
10:36:51,1922.90,1,M
10:36:51,1922.90,1,M
10:36:51,1922.90,1,M
10:36:51,1922.80,1,M
10:36:51,1922.80,8,M
10:36:51,1922.80,1,M
10:36:51,1922.80,1,M
10:36:51,1922.80,1,M
10:36:51,1922.80,1,M
10:36:51,1922.80,2,M
10:36:51,1922.80,1,B
10:36:51,1922.90,1,M
10:36:51,1922.90,2,M
10:36:50,1922.50,1,B
10:36:50,1923.00,1,M
10:36:50,1923.00,1,M
10:36:50,1923.00,3,M
10:36:50,1922.50,1,B
10:36:50,1923.00,4,M
10:36:50,1923.00,1,M
10:36:50,1923.00,1,M
10:36:50,1923.00,4,M
10:36:50,1923.00,5,M
10:36:50,1923.00,1,M
10:36:50,1923.00,1,M
10:36:50,1923.00,1,M
10:36:50,1922.80,2,M
10:36:50,1922.80,1,M
10:36:50,1923.00,1,M
10:36:50,1923.00,1,M
10:36:50,1923.00,1,M
10:36:50,1922.90,1,M
10:36:50,1923.00,1,M
10:36:50,1923.00,1,M
10:36:50,1923.00,1,M
10:36:50,1923.00,2,M
10:36:50,1923.00,2,M
10:36:50,1922.50,3,B
10:36:50,1922.80,2,B
10:36:50,1923.00,1,M
10:36:50,1923.00,1,M
10:36:50,1922.90,1,M
10:36:49,1922.90,1,B
10:36:49,1923.00,3,M
10:36:49,1923.00,1,M
10:36:49,1922.90,1,B
10:36:49,1923.00,1,M
10:36:49,1923.00,2,M
10:36:49,1923.00,1,M
10:36:49,1923.00,1,M
10:36:49,1923.00,3,M
10:36:49,1923.00,2,M
10:36:49,1923.00,1,M
10:36:49,1923.00,1,M
10:36:49,1923.00,1,M
10:36:49,1923.00,15,M
10:36:49,1922.90,4,M
10:36:49,1922.80,1,M
10:36:49,1922.80,1,M
10:36:49,1922.80,1,M
10:36:49,1922.70,2,M
10:36:49,1922.60,1,M
10:36:49,1922.60,3,M
10:36:49,1922.40,4,B
10:36:49,1922.50,1,M
10:36:49,1922.00,4,B
10:36:49,1922.10,1,B
10:36:49,1922.10,1,B
10:36:49,1922.20,1,B
10:36:49,1922.20,5,B
10:36:49,1922.20,1,B
10:36:49,1922.30,1,B
10:36:49,1922.30,5,B
10:36:49,1922.30,1,B
10:36:49,1922.40,1,B
10:36:49,1922.40,1,B
10:36:49,1922.50,1,B
10:36:49,1922.50,1,B
10:36:49,1922.70,1,M
10:36:49,1922.70,1,M
10:36:49,1922.70,1,M
10:36:49,1922.50,1,B
10:36:49,1922.90,1,M
10:36:48,1923.00,2,M
10:36:48,1923.00,69,M
10:36:48,1922.90,1,M
10:36:48,1922.90,1,M
10:36:48,1922.90,1,M
10:36:48,1922.90,1,M
10:36:48,1922.90,2,M
10:36:48,1922.90,10,M
10:36:48,1922.90,30,M
10:36:48,1922.90,5,M
10:36:48,1922.90,5,M
10:36:48,1922.90,1,M
10:36:48,1922.90,1,M
10:36:48,1922.80,1,M
10:36:48,1922.80,5,M
10:36:48,1922.80,15,M
10:36:48,1922.80,4,M
10:36:48,1922.80,9,M
10:36:48,1922.80,1,M
10:36:48,1922.80,1,M
10:36:48,1922.80,1,M
10:36:48,1922.70,30,M
10:36:48,1922.60,1,M
10:36:48,1922.60,3,M
10:36:48,1922.50,1,M
10:36:48,1922.50,1,M
10:36:48,1922.30,1,B
10:36:48,1922.40,1,M
10:36:48,1922.40,5,M
10:36:48,1922.30,1,B
10:36:48,1922.40,3,M
10:36:48,1922.30,1,M
10:36:48,1922.00,1,B
10:36:47,1921.90,1,B
10:36:47,1922.40,1,M
10:36:47,1922.40,1,M
10:36:47,1922.40,2,M
10:36:47,1922.30,1,M
10:36:47,1922.30,1,M
10:36:47,1922.30,4,M
10:36:47,1922.30,1,M
10:36:47,1922.30,2,M
10:36:47,1922.10,1,M
10:36:47,1922.00,1,M
10:36:47,1922.00,3,M
10:36:47,1922.00,5,M
10:36:47,1922.00,2,M
10:36:47,1921.90,1,M
10:36:47,1921.80,1,B
10:36:47,1921.90,1,M
10:36:47,1921.90,14,M
10:36:47,1921.90,1,M
10:36:46,1921.80,1,B
10:36:46,1921.90,1,M
10:36:46,1921.90,1,M
10:36:46,1921.90,1,M
10:36:46,1921.60,1,B
10:36:46,1921.60,1,B
10:36:46,1921.90,1,M
10:36:46,1921.90,1,M
10:36:46,1921.80,1,M
10:36:45,1921.50,1,B
10:36:45,1921.70,1,B
10:36:45,1921.70,1,B
10:36:45,1921.70,16,B
10:36:45,1921.90,1,M
10:36:45,1921.90,1,M
10:36:45,1922.20,1,M
10:36:45,1922.20,1,M
10:36:45,1922.20,2,M
10:36:44,1922.20,1,M
10:36:44,1922.10,3,M
10:36:44,1922.00,6,M
10:36:44,1922.00,1,M
10:36:44,1922.00,1,M
10:36:44,1922.00,1,M
10:36:44,1922.00,1,M
10:36:44,1922.00,5,M
10:36:44,1922.00,3,M
10:36:44,1922.00,5,M
10:36:44,1922.00,3,M
10:36:44,1922.00,18,M
10:36:44,1921.90,1,M
10:36:44,1921.80,1,M
10:36:44,1921.80,1,M
10:36:44,1921.80,1,M
10:36:44,1921.80,1,M
10:36:44,1921.80,1,M
10:36:44,1921.70,2,M
10:36:44,1921.70,3,M
10:36:44,1921.60,1,M
10:36:44,1921.80,7,M
10:36:44,1921.80,1,M
10:36:44,1921.80,1,M
10:36:44,1921.80,1,M
10:36:44,1921.70,1,M
10:36:44,1921.70,19,M
10:36:44,1921.20,1,B
10:36:44,1921.70,11,M
10:36:44,1921.60,15,M
10:36:44,1921.50,2,M
10:36:44,1921.40,1,M
10:36:44,1921.40,1,M
10:36:43,1921.20,1,B
10:36:43,1921.20,1,B
10:36:43,1921.30,2,B
10:36:43,1921.30,1,B
10:36:42,1921.70,1,M
10:36:42,1921.70,1,M
10:36:42,1921.70,2,M
10:36:42,1921.40,1,B
10:36:42,1921.70,2,M
10:36:42,1921.60,1,M
10:36:42,1921.70,1,M
10:36:42,1921.10,2,B
10:36:42,1921.20,1,B
10:36:42,1921.30,4,B
10:36:42,1921.30,1,B
10:36:42,1921.90,1,M
10:36:42,1921.00,7,B
10:36:42,1921.10,1,B
10:36:42,1921.20,1,B
10:36:42,1921.20,1,B
10:36:42,1921.20,1,B
10:36:42,1921.20,1,B
10:36:42,1921.20,1,B
10:36:42,1921.30,1,B
10:36:42,1921.30,1,B
10:36:42,1921.40,1,B
10:36:42,1921.40,1,B
10:36:42,1921.50,1,B
10:36:42,1921.50,1,B
10:36:42,1921.80,1,B
10:36:42,1921.90,3,M
10:36:41,1921.90,1,M
10:36:41,1921.80,1,M
10:36:41,1921.60,1,B
10:36:40,1921.80,1,B
10:36:40,1922.00,30,M
10:36:40,1921.60,1,B
10:36:40,1922.00,5,M
10:36:40,1922.00,1,M
10:36:40,1922.00,10,M
10:36:40,1922.00,5,M
10:36:40,1922.00,1,M
10:36:40,1922.00,4,M
10:36:40,1922.00,1,M
10:36:40,1922.00,1,M
10:36:40,1922.00,2,M
10:36:40,1922.00,3,M
10:36:39,1922.00,1,M
10:36:39,1921.80,1,B
10:36:39,1921.90,1,B
10:36:39,1922.00,1,M
10:36:39,1922.00,1,M
10:36:39,1922.00,2,M
10:36:39,1922.00,4,M
10:36:39,1922.00,1,M
10:36:39,1922.00,20,M
10:36:39,1922.00,1,M
10:36:39,1922.00,1,M
10:36:39,1922.00,3,M
10:36:39,1922.00,10,M
10:36:39,1922.00,1,M
10:36:39,1922.00,1,M
10:36:39,1921.90,1,M
10:36:39,1921.90,1,M
10:36:39,1921.90,1,M
10:36:39,1921.90,2,M
10:36:38,1921.90,10,M
10:36:38,1921.90,1,M
10:36:38,1921.90,8,M
10:36:38,1921.90,1,M
10:36:38,1921.80,10,M
10:36:38,1921.70,1,M
10:36:38,1921.30,1,B
10:36:38,1921.80,8,M
10:36:38,1921.70,1,M
10:36:38,1921.70,1,M
10:36:38,1921.30,1,M
10:36:38,1921.80,29,M
10:36:38,1921.40,1,M
10:36:38,1921.80,3,M
10:36:38,1921.80,1,M
10:36:38,1921.80,1,M
10:36:38,1921.70,1,M
10:36:38,1921.70,1,M
10:36:38,1921.70,1,M
10:36:38,1921.60,1,M
10:36:38,1921.50,1,M
10:36:38,1921.00,1,M
10:36:38,1920.80,1,B
10:36:38,1921.60,11,M
10:36:38,1921.60,3,M
10:36:38,1921.60,1,M
10:36:38,1921.50,1,M
10:36:38,1921.50,3,M
10:36:38,1921.50,3,M
10:36:38,1921.40,2,M
10:36:38,1921.40,5,M
10:36:38,1921.30,1,M
10:36:38,1921.30,1,M
10:36:38,1921.30,5,M
10:36:38,1921.20,1,M
10:36:38,1921.10,1,M
10:36:38,1921.10,1,M
10:36:38,1921.10,2,M
10:36:38,1920.50,1,B
10:36:38,1921.20,1,M
10:36:38,1921.20,1,M
10:36:38,1921.20,11,M
10:36:38,1921.10,1,M
10:36:38,1921.10,25,M
10:36:38,1921.00,1,M
10:36:38,1921.00,1,M
10:36:38,1921.00,2,M
10:36:38,1921.00,1,M
10:36:38,1921.00,1,M
10:36:38,1921.00,1,M
10:36:38,1921.00,6,M
10:36:38,1920.90,1,M
10:36:38,1920.80,1,M
10:36:38,1920.80,1,M
10:36:38,1920.80,1,M
10:36:38,1920.70,1,M
10:36:37,1920.70,1,M
10:36:37,1920.20,1,B
10:36:37,1920.70,1,M
10:36:37,1920.70,11,M
10:36:37,1920.70,4,M
10:36:37,1920.60,1,M
10:36:36,1920.50,1,B
10:36:36,1920.50,1,B
10:36:36,1920.50,1,B
10:36:35,1920.50,5,M
10:36:35,1920.50,1,M
10:36:35,1920.40,1,M
10:36:35,1920.40,1,M
10:36:35,1920.30,1,B
10:36:35,1920.20,1,B
10:36:34,1920.30,1,M
10:36:34,1920.20,1,M
10:36:34,1920.00,1,B
10:36:34,1919.90,1,M
10:36:33,1919.80,1,B
10:36:32,1920.00,1,M
10:36:32,1919.70,2,B
10:36:32,1919.70,1,B
10:36:31,1920.00,3,M
10:36:31,1919.90,4,M
10:36:31,1919.90,3,M
10:36:31,1919.90,3,M
10:36:31,1919.90,1,M
10:36:31,1919.80,1,B
10:36:31,1919.80,1,B
10:36:30,1919.90,1,M
10:36:29,1920.00,2,B
10:36:29,1920.00,1,B
10:36:29,1920.00,1,B
10:36:29,1920.10,2,B
10:36:29,1920.10,1,B
10:36:29,1920.10,4,B
10:36:29,1920.10,1,B
10:36:29,1920.20,1,B
10:36:29,1920.20,1,B
10:36:29,1920.20,1,B
10:36:29,1920.20,1,B
10:36:29,1920.30,4,M
10:36:29,1920.30,1,B
10:36:29,1920.30,4,B
10:36:29,1920.40,2,B
10:36:29,1920.40,1,B
10:36:29,1920.50,2,M
10:36:28,1920.40,1,B
10:36:28,1920.50,1,M
10:36:28,1920.50,1,M
10:36:27,1920.50,2,M
10:36:27,1920.50,1,M
10:36:27,1920.40,1,B
10:36:27,1920.50,1,M
10:36:27,1921.00,4,M
10:36:27,1921.00,1,M
10:36:27,1921.00,1,M
10:36:27,1921.00,2,M
10:36:27,1921.00,1,M
10:36:27,1920.90,1,M
10:36:27,1920.90,1,M
10:36:27,1920.90,1,M
10:36:27,1920.90,1,M
10:36:27,1920.80,1,M
10:36:27,1920.80,5,M
10:36:27,1920.70,1,M
10:36:27,1920.30,1,B
10:36:27,1920.80,6,M
10:36:27,1920.80,1,M
10:36:27,1920.70,1,M
10:36:27,1920.70,1,M
10:36:27,1920.70,1,M
10:36:27,1920.70,1,M
10:36:27,1920.70,5,M
10:36:27,1920.60,1,M
10:36:27,1920.40,2,M
10:36:27,1920.50,1,M
10:36:27,1920.50,1,M
10:36:27,1920.50,1,M
10:36:27,1920.80,1,M
10:36:27,1920.50,2,M
10:36:27,1920.80,1,M
10:36:27,1920.80,2,M
10:36:27,1920.60,1,M
10:36:27,1920.60,1,M
10:36:27,1920.00,5,B
10:36:27,1920.00,1,B
10:36:27,1920.20,13,B
10:36:27,1920.30,1,B
10:36:26,1920.30,1,B
10:36:26,1920.30,1,B
10:36:26,1920.40,1,B
10:36:26,1920.40,1,B
10:36:26,1920.40,1,B
10:36:26,1920.90,1,M
10:36:26,1920.90,1,M
10:36:26,1920.90,1,M
10:36:26,1920.90,1,M
10:36:26,1920.80,1,M
10:36:26,1920.80,1,M
10:36:26,1920.30,1,B
10:36:26,1920.80,1,M
10:36:25,1920.80,1,M
10:36:25,1920.80,1,M
10:36:25,1920.70,1,M
10:36:25,1920.90,2,M
10:36:25,1920.20,1,B
10:36:25,1920.30,1,B
10:36:25,1920.40,1,B
10:36:25,1920.40,5,B
10:36:25,1920.40,4,B
10:36:25,1920.40,1,B
10:36:25,1920.50,1,B
10:36:25,1920.50,1,B
10:36:25,1920.50,4,B
10:36:25,1920.60,1,B
10:36:25,1920.60,1,B
10:36:25,1920.70,5,B
10:36:25,1920.90,2,B
10:36:25,1921.00,1,M
10:36:25,1921.00,1,B
10:36:24,1921.10,1,M
10:36:24,1920.60,2,B
10:36:24,1920.70,1,B
10:36:24,1920.70,1,B
10:36:24,1920.80,4,B
10:36:24,1921.00,1,B
10:36:24,1921.00,1,B
10:36:23,1921.00,1,M
10:36:23,1921.00,1,M
10:36:23,1921.00,1,M
10:36:23,1921.00,5,M
10:36:23,1921.00,1,B
10:36:23,1921.00,1,B
10:36:23,1921.00,1,B
10:36:23,1921.00,3,B
10:36:23,1921.50,1,M
10:36:23,1921.50,1,M
10:36:23,1921.50,1,M
10:36:23,1921.50,1,M
10:36:23,1921.40,1,M
10:36:23,1921.40,1,M
10:36:23,1921.40,1,M
10:36:23,1921.30,1,M
10:36:23,1921.20,1,M
10:36:23,1921.20,1,M
10:36:23,1921.20,1,M
10:36:23,1921.10,1,M
10:36:23,1921.10,1,M
10:36:23,1921.00,1,M
10:36:23,1921.00,1,M
10:36:23,1921.00,1,M
10:36:23,1921.00,2,M
10:36:23,1921.00,1,M
10:36:22,1920.90,1,B
10:36:22,1920.90,1,B
10:36:22,1921.00,2,M
10:36:22,1921.00,3,M
10:36:22,1921.00,3,M
10:36:22,1921.00,1,M
10:36:22,1921.00,5,M
10:36:22,1921.00,5,M
10:36:22,1921.00,2,M
10:36:22,1921.00,10,M
10:36:22,1921.00,7,M
10:36:22,1921.00,1,M
10:36:21,1920.80,1,B
10:36:21,1921.00,10,M
10:36:21,1921.00,4,M
10:36:21,1921.00,3,M
10:36:21,1921.00,1,M
10:36:21,1921.00,2,M
10:36:21,1921.00,10,M
10:36:21,1921.00,18,M
10:36:21,1921.00,2,M
10:36:21,1921.00,1,M
10:36:21,1921.00,1,M
10:36:21,1921.00,3,M
10:36:21,1921.00,2,M
10:36:21,1921.00,2,M
10:36:21,1921.00,1,M
10:36:21,1920.90,1,M
10:36:21,1920.90,5,M
10:36:21,1920.70,1,B
10:36:21,1920.70,1,B
10:36:21,1920.70,1,B
10:36:21,1920.80,1,M
10:36:21,1920.80,4,M
10:36:21,1920.90,1,M
10:36:21,1920.90,1,M
10:36:20,1920.90,1,M
10:36:20,1920.90,1,M
10:36:20,1920.90,1,M
10:36:20,1920.90,1,M
10:36:20,1920.90,1,M
10:36:20,1920.70,1,M
10:36:20,1920.70,2,M
10:36:20,1920.70,2,M
10:36:20,1920.60,1,M
10:36:20,1920.50,1,B
10:36:20,1920.60,1,M
10:36:20,1920.50,1,B
10:36:20,1920.60,1,M
10:36:20,1920.60,1,M
10:36:20,1920.60,1,M
10:36:19,1920.70,1,M
10:36:19,1920.70,1,M
10:36:19,1920.50,1,M
10:36:19,1920.40,1,M
10:36:19,1920.30,1,M
10:36:19,1920.30,1,M
10:36:19,1920.30,1,M
10:36:19,1920.30,1,M
10:36:19,1920.20,2,M
10:36:19,1920.10,1,M
10:36:19,1920.10,1,M
10:36:19,1920.10,1,M
10:36:19,1920.00,1,M
10:36:19,1920.00,9,M
10:36:19,1920.00,1,M
10:36:19,1920.00,2,M
10:36:19,1920.00,1,M
10:36:19,1920.00,2,M
10:36:19,1920.00,1,M
10:36:19,1920.00,1,M
10:36:19,1920.00,1,M
10:36:19,1920.00,20,M
10:36:19,1920.00,1,M
10:36:19,1920.00,2,M
10:36:19,1920.00,1,M
10:36:19,1920.00,1,M
10:36:19,1920.00,56,M
10:36:19,1919.90,1,M
10:36:19,1919.90,1,M
10:36:19,1919.80,1,M
10:36:18,1919.90,1,M
10:36:18,1919.90,1,M
10:36:18,1919.90,1,M
10:36:18,1919.80,1,M
10:36:18,1919.80,9,M
10:36:18,1919.80,1,M
10:36:18,1919.80,1,M
10:36:18,1919.80,1,M
10:36:18,1919.80,1,M
10:36:18,1919.80,1,M
10:36:17,1919.80,1,M
10:36:17,1919.80,1,M
10:36:17,1919.80,2,M
10:36:17,1919.80,4,M
10:36:17,1919.80,2,M
10:36:17,1919.80,1,M
10:36:16,1919.80,1,M
10:36:16,1919.80,1,M
10:36:16,1919.70,1,M
10:36:16,1919.60,7,M
10:36:15,1919.20,1,M
10:36:15,1919.20,1,M
10:36:15,1919.20,1,B
10:36:15,1919.50,2,M
10:36:15,1919.50,1,M
10:36:15,1919.20,1,M
10:36:14,1919.60,2,M
10:36:14,1919.70,1,M
10:36:14,1919.70,2,M
10:36:14,1919.60,1,M
10:36:14,1919.50,1,M
10:36:14,1919.50,1,M
10:36:14,1919.50,1,M
10:36:14,1919.50,1,M
10:36:14,1919.50,2,M
10:36:14,1919.40,1,M
10:36:14,1919.40,1,M
10:36:14,1919.40,1,M
10:36:14,1919.30,1,M
10:36:14,1919.30,1,M
10:36:14,1919.30,1,M
10:36:14,1919.20,1,M
10:36:13,1919.20,1,M
10:36:13,1919.00,1,B
10:36:13,1919.20,1,M
10:36:12,1919.20,2,B
10:36:12,1919.30,1,M
10:36:12,1919.00,3,M
10:36:12,1919.00,2,M
10:36:11,1919.30,2,M
10:36:11,1919.30,1,M
10:36:11,1919.30,1,M
10:36:11,1919.30,1,M
10:36:10,1919.30,4,M
10:36:10,1919.20,1,M
10:36:10,1918.80,1,B
10:36:10,1918.80,1,B
10:36:10,1918.80,3,B
10:36:10,1919.00,2,B
10:36:10,1919.20,2,B
10:36:10,1919.20,1,B
10:36:10,1919.20,22,B
10:36:10,1919.30,1,M
10:36:10,1919.30,1,M
10:36:10,1919.30,1,M
10:36:09,1919.20,3,B
10:36:09,1919.20,1,B
10:36:09,1919.30,3,M
10:36:09,1919.30,1,M
10:36:08,1919.20,1,M
10:36:08,1919.20,4,M
10:36:08,1919.10,9,M
10:36:08,1919.10,1,M
10:36:07,1919.20,3,B
10:36:07,1919.20,7,M
10:36:06,1919.20,1,M
10:36:06,1919.20,2,M
10:36:06,1919.20,1,M
10:36:06,1919.20,1,M
10:36:06,1919.20,1,M
10:36:06,1919.00,5,M
10:36:05,1919.10,1,M
10:36:05,1919.00,2,M
10:36:05,1918.90,5,M
10:36:04,1918.90,1,M
10:36:04,1918.90,8,M
10:36:03,1918.90,1,M
10:36:03,1918.50,1,B
10:36:03,1918.50,1,B
10:36:03,1918.50,2,B
10:36:03,1918.60,1,B
10:36:03,1918.60,4,B
10:36:01,1918.90,5,M
10:36:00,1918.90,3,M
10:36:00,1918.80,7,M
10:36:00,1918.80,1,M
10:36:00,1918.60,1,B
10:35:59,1918.50,1,B
10:35:58,1919.00,1,B
10:35:58,1919.10,6,M
10:35:58,1919.10,1,M
10:35:57,1919.20,1,M
10:35:57,1919.20,1,M
10:35:57,1919.20,1,M
10:35:56,1919.20,1,M
10:35:56,1919.20,1,M
10:35:56,1919.20,1,M
10:35:56,1919.20,1,M
10:35:55,1919.20,2,M
10:35:55,1919.10,1,M
10:35:55,1919.10,1,M
10:35:55,1919.00,1,M
10:35:55,1918.70,1,B
10:35:55,1919.00,1,B
10:35:55,1919.00,1,M
10:35:54,1919.00,1,M
10:35:54,1919.00,1,M
10:35:54,1919.00,3,M
10:35:54,1918.60,1,B
10:35:54,1918.60,1,B
10:35:54,1918.60,1,B
10:35:54,1918.60,1,B
10:35:54,1918.70,2,B
10:35:54,1918.70,4,B
10:35:53,1919.00,3,M
10:35:53,1918.90,1,M
10:35:53,1918.80,1,M
10:35:53,1918.70,1,B
10:35:53,1918.70,1,M
10:35:52,1918.40,1,B
10:35:52,1918.70,1,M
10:35:52,1918.60,9,M
10:35:51,1918.60,5,M
10:35:51,1918.40,3,B
10:35:49,1918.60,1,B
10:35:49,1918.60,1,B
10:35:49,1918.80,1,M
10:35:49,1918.70,9,M
10:35:49,1918.70,2,M
10:35:49,1918.70,3,M
10:35:49,1918.70,7,M
10:35:48,1918.40,1,B
10:35:48,1918.70,2,M
10:35:48,1918.40,3,B
10:35:47,1918.70,1,M
10:35:47,1918.70,1,M
10:35:47,1918.60,1,M
10:35:47,1918.50,1,M
10:35:47,1918.40,1,M
10:35:47,1918.40,2,M
10:35:46,1918.40,1,M
10:35:46,1918.40,1,M
10:35:46,1918.30,1,M
10:35:46,1918.20,2,B
10:35:45,1918.20,1,M
10:35:45,1918.00,3,M
10:35:45,1918.00,1,M
10:35:45,1918.00,19,M
10:35:45,1918.00,18,M
10:35:45,1917.80,1,M
10:35:45,1917.80,1,M
10:35:44,1917.80,2,M
10:35:44,1917.70,1,M
10:35:44,1917.70,13,M
10:35:44,1917.70,3,M
10:35:44,1917.70,1,M
10:35:44,1917.70,1,M
10:35:44,1917.70,2,M
10:35:44,1917.70,1,M
10:35:43,1917.50,1,B
10:35:43,1917.50,2,B
10:35:43,1917.50,1,M
10:35:43,1917.50,2,M
10:35:43,1917.50,20,M
10:35:43,1917.50,4,M
10:35:42,1917.50,15,M
10:35:42,1917.50,25,M
10:35:41,1917.40,1,M
10:35:40,1917.40,1,M
10:35:39,1917.40,8,M
10:35:39,1917.40,7,M
10:35:39,1917.30,1,M
10:35:38,1917.30,1,M
10:35:38,1917.30,1,M
10:35:38,1917.30,1,M
10:35:37,1917.40,1,M
10:35:37,1917.40,1,M
10:35:36,1917.40,1,M
10:35:36,1917.40,2,M
10:35:34,1917.20,1,M
10:35:33,1917.50,10,M
10:35:33,1917.20,19,M
10:35:33,1917.20,1,M
10:35:33,1917.40,1,M
10:35:32,1917.20,1,B
10:35:32,1917.50,1,M
10:35:32,1917.20,1,B
10:35:32,1917.50,1,M
10:35:32,1917.20,4,B
10:35:32,1917.50,1,M
10:35:32,1917.20,1,B
10:35:31,1917.20,2,M
10:35:31,1917.20,1,M
10:35:31,1917.20,1,M
10:35:31,1917.20,1,M
10:35:31,1917.10,1,B
10:35:31,1917.20,1,M
10:35:31,1917.20,1,M
10:35:31,1917.20,1,M
10:35:30,1917.10,2,B
10:35:30,1917.10,1,B
10:35:30,1917.10,1,B
10:35:30,1917.10,1,B
10:35:29,1917.10,1,B
10:35:29,1917.20,1,M
10:35:29,1917.10,1,B
10:35:28,1917.20,1,B
10:35:28,1917.20,1,B
10:35:28,1917.70,1,M
10:35:28,1917.70,1,M
10:35:28,1917.20,1,M
10:35:28,1917.20,2,B
10:35:28,1917.20,1,B
10:35:28,1917.20,4,B
10:35:28,1917.20,5,B
10:35:28,1917.20,4,B
10:35:27,1917.20,1,B
10:35:27,1917.20,4,B
10:35:26,1917.20,3,B
10:35:26,1917.30,1,B
10:35:26,1917.20,4,B
10:35:26,1917.20,1,B
10:35:26,1917.20,1,B
10:35:26,1917.20,1,B
10:35:26,1917.20,4,B
10:35:26,1917.20,1,B
10:35:25,1917.20,1,B
10:35:25,1917.20,1,B
10:35:25,1917.20,5,B
10:35:25,1917.30,1,B
10:35:25,1917.60,1,B
10:35:25,1917.60,11,B
10:35:25,1917.60,3,B
10:35:25,1917.60,17,B
10:35:25,1917.60,4,B
10:35:25,1917.60,4,B
10:35:25,1917.70,8,M
10:35:25,1917.70,1,M
10:35:24,1917.70,5,M
10:35:24,1917.70,3,M
10:35:24,1917.80,8,B
10:35:24,1917.80,1,B
10:35:24,1917.80,1,B
10:35:22,1917.80,1,B
10:35:22,1917.80,1,M
10:35:22,1917.80,1,M
10:35:22,1917.80,1,M
10:35:22,1917.80,1,M
10:35:22,1917.80,1,M
10:35:22,1917.70,1,M
10:35:22,1917.70,1,M
10:35:21,1917.60,1,M
10:35:21,1917.60,1,M
10:35:21,1917.40,1,B
10:35:21,1917.20,1,B
10:35:21,1917.20,2,B
10:35:21,1917.40,1,B
10:35:21,1917.40,14,B
10:35:20,1917.20,1,B
10:35:20,1917.20,1,B
10:35:20,1917.70,2,M
10:35:20,1917.70,1,M
10:35:20,1917.60,1,M
10:35:20,1917.60,1,M
10:35:20,1917.60,4,M
10:35:20,1917.40,1,M
10:35:20,1917.30,1,M
10:35:20,1917.20,1,M
10:35:20,1917.20,3,M
10:35:20,1917.20,1,M
10:35:19,1917.10,2,B
10:35:19,1917.20,2,M
10:35:19,1917.10,1,B
10:35:19,1917.10,1,B
10:35:19,1917.10,1,B
10:35:19,1917.10,1,B
10:35:19,1917.10,1,B
10:35:19,1917.20,2,M
10:35:19,1917.20,4,M
10:35:19,1917.20,8,M
10:35:18,1917.20,1,M
10:35:18,1917.20,1,M
10:35:18,1917.20,1,M
10:35:18,1917.10,1,B
10:35:18,1917.10,1,B
10:35:18,1917.20,1,B
10:35:18,1917.20,1,M
10:35:18,1917.10,1,B
10:35:18,1917.30,1,B
10:35:18,1917.10,1,B
10:35:18,1917.10,2,B
10:35:18,1917.20,1,B
10:35:18,1917.20,1,B
10:35:18,1917.20,1,B
10:35:18,1917.20,2,B
10:35:18,1917.30,1,B
10:35:18,1917.30,1,B
10:35:18,1917.30,1,B
10:35:18,1917.30,1,B
10:35:18,1917.30,2,B
10:35:18,1917.30,2,B
10:35:18,1917.40,1,B
10:35:18,1917.50,1,B
10:35:18,1917.50,1,B
10:35:18,1917.50,1,B
10:35:18,1917.50,1,B
10:35:18,1917.50,1,B
10:35:18,1917.50,1,B
10:35:18,1917.50,1,B
10:35:18,1917.50,1,B
10:35:18,1917.60,4,B
10:35:18,1917.70,1,B
10:35:17,1917.80,1,B
10:35:17,1917.80,12,B
10:35:17,1918.00,8,M
10:35:17,1917.90,1,M
10:35:17,1917.90,3,M
10:35:17,1917.90,1,M
10:35:17,1917.90,1,M
10:35:17,1917.80,1,B
10:35:17,1917.90,1,M
10:35:17,1917.80,1,B
10:35:17,1917.80,1,B
10:35:17,1917.90,1,M
10:35:17,1917.80,1,B
10:35:17,1917.80,2,B
10:35:17,1917.80,1,B
10:35:16,1917.90,1,B
10:35:16,1917.90,1,B
10:35:16,1918.00,1,B
10:35:16,1918.00,1,B
10:35:16,1918.00,1,B
10:35:16,1918.00,1,B
10:35:16,1918.00,20,B
10:35:16,1918.00,1,B
10:35:16,1918.00,5,B
10:35:16,1918.00,1,B
10:35:16,1918.00,1,B
10:35:16,1918.00,1,B
10:35:16,1918.00,1,B
10:35:16,1918.00,1,B
10:35:16,1918.00,1,B
10:35:16,1918.00,9,B
10:35:16,1918.00,11,B
10:35:16,1918.00,1,B
10:35:16,1918.00,1,B
10:35:16,1918.10,2,B
10:35:16,1918.10,1,B
10:35:16,1918.10,1,B
10:35:16,1918.10,1,B
10:35:16,1918.10,2,B
10:35:16,1918.10,1,B
10:35:16,1918.20,1,B
10:35:16,1918.20,1,B
10:35:16,1918.20,1,B
10:35:16,1918.20,6,B
10:35:16,1918.20,2,B
10:35:16,1918.20,41,B
10:35:16,1918.30,10,B
10:35:16,1918.30,1,B
10:35:16,1918.40,1,B
10:35:16,1918.40,7,B
10:35:15,1918.80,1,M
10:35:14,1918.80,1,M
10:35:14,1918.80,6,M
10:35:14,1918.70,1,M
10:35:14,1918.70,1,M
10:35:14,1918.50,2,M
10:35:14,1918.50,7,M
10:35:13,1918.50,1,M
10:35:13,1918.40,2,B
10:35:13,1918.50,1,B
10:35:13,1918.50,1,M
10:35:13,1918.50,2,B
10:35:13,1918.50,1,B
10:35:12,1918.50,1,M
10:35:12,1918.50,2,M
10:35:12,1918.50,1,M
10:35:11,1918.50,1,M
10:35:11,1918.50,1,M
10:35:11,1918.40,3,B
10:35:11,1918.40,1,M
10:35:11,1918.40,2,M
10:35:10,1918.50,2,M
10:35:09,1918.40,1,B
10:35:09,1918.40,5,B
10:35:09,1918.60,1,M
10:35:08,1918.80,1,M
10:35:08,1918.20,1,B
10:35:08,1918.30,2,B
10:35:08,1918.20,1,B
10:35:08,1918.30,1,B
10:35:08,1918.30,1,B
10:35:08,1918.30,1,B
10:35:08,1918.30,1,B
10:35:08,1918.30,1,B
10:35:08,1918.30,2,B
10:35:08,1918.30,1,B
10:35:08,1918.30,1,B
10:35:08,1918.30,1,B
10:35:08,1918.30,1,B
10:35:08,1918.40,1,B
10:35:08,1918.40,1,B
10:35:08,1918.40,1,B
10:35:08,1918.40,1,B
10:35:08,1918.40,10,B
10:35:08,1918.50,1,B
10:35:08,1918.50,1,B
10:35:08,1918.50,2,B
10:35:08,1918.50,3,B
10:35:08,1918.50,1,B
10:35:08,1918.70,1,B
10:35:07,1919.00,6,M
10:35:07,1918.80,1,B
10:35:07,1918.80,1,B
10:35:07,1918.80,1,B
10:35:07,1918.80,1,B
10:35:07,1918.90,1,B
10:35:07,1918.90,4,B
10:35:07,1919.00,1,M
10:35:06,1919.00,3,B
10:35:06,1919.00,1,B
10:35:06,1919.00,1,B
10:35:06,1919.10,1,B
10:35:06,1919.10,1,B
10:35:06,1919.10,4,B
10:35:06,1919.10,2,B
10:35:05,1919.10,2,B
10:35:05,1919.10,3,B
10:35:05,1919.20,1,B
10:35:05,1919.30,1,M
10:35:04,1919.30,1,B
10:35:04,1919.40,1,M
10:35:04,1919.40,1,M
10:35:03,1919.40,1,B
10:35:03,1919.40,1,B
10:35:03,1919.50,1,M
10:35:03,1919.50,1,M
10:35:02,1919.70,2,B
10:35:02,1919.70,1,M
10:35:02,1919.70,1,M
10:35:02,1919.70,1,M
10:35:02,1919.70,9,M
10:35:02,1919.60,2,M
10:35:02,1919.60,3,M
10:35:02,1919.60,1,M
10:35:02,1919.70,3,M
10:35:02,1919.60,1,M
10:35:02,1919.60,1,M
10:35:02,1919.60,1,M
10:35:02,1919.10,14,M
10:35:02,1919.10,1,B
10:35:02,1919.10,1,B
10:35:02,1919.10,1,B
10:35:02,1919.10,1,B
10:35:02,1919.10,4,B
10:35:02,1919.20,3,B
10:35:01,1919.50,1,M
10:35:00,1919.10,1,B
10:35:00,1919.20,1,B
10:35:00,1919.50,1,M
10:34:59,1919.20,1,B
10:34:59,1919.20,1,B
10:34:59,1919.30,1,B
10:34:59,1919.60,1,M
10:34:59,1919.60,2,M
10:34:58,1919.40,1,B
10:34:56,1919.60,7,M
10:34:56,1919.60,1,M
10:34:56,1919.50,2,M
10:34:56,1919.40,1,M
10:34:55,1919.40,1,B
10:34:54,1919.20,1,B
10:34:54,1919.20,1,B
10:34:54,1919.20,1,B
10:34:54,1919.20,1,B
10:34:54,1919.40,1,B
10:34:54,1919.60,1,B
10:34:53,1919.60,13,B
10:34:53,1919.70,1,B
10:34:53,1919.70,1,M
10:34:53,1919.70,1,M
10:34:52,1919.40,1,B
10:34:52,1919.70,2,B
10:34:51,1919.80,1,M
10:34:51,1919.70,8,B
10:34:51,1919.80,1,M
10:34:51,1919.80,1,M
10:34:50,1919.80,1,M
10:34:50,1919.80,3,M
10:34:50,1919.40,2,B
10:34:50,1919.50,3,B
10:34:50,1919.70,1,M
10:34:50,1919.80,1,M
10:34:49,1919.80,1,M
10:34:49,1919.80,1,M
10:34:49,1919.80,1,M
10:34:49,1919.80,6,M
10:34:49,1919.80,1,M
10:34:49,1919.70,1,M
10:34:49,1919.70,1,M
10:34:49,1919.70,8,M
10:34:49,1919.60,1,M
10:34:49,1919.60,4,M
10:34:49,1919.40,4,M
10:34:49,1919.30,1,M
10:34:49,1919.30,3,M
10:34:49,1919.10,1,B
10:34:49,1919.30,8,M
10:34:49,1919.30,1,M
10:34:49,1919.10,10,B
10:34:49,1919.30,1,M
10:34:49,1919.30,1,M
10:34:48,1919.10,11,B
10:34:48,1919.10,2,M
10:34:48,1919.00,1,M
10:34:48,1919.00,1,M
10:34:48,1919.00,1,M
10:34:47,1918.90,1,M
10:34:47,1918.70,1,M
10:34:47,1918.70,1,M
10:34:47,1919.00,1,M
10:34:47,1919.00,4,M
10:34:47,1918.90,1,M
10:34:46,1918.50,1,B
10:34:46,1918.90,1,M
10:34:46,1918.60,1,B
10:34:46,1919.00,1,M
10:34:44,1918.90,1,B
10:34:44,1918.90,3,B
10:34:44,1918.90,1,M
10:34:44,1918.90,1,M
10:34:44,1918.90,1,M
10:34:44,1918.70,1,M
10:34:44,1918.60,1,B
10:34:44,1918.60,1,B
10:34:44,1918.70,1,B
10:34:43,1918.80,1,B
10:34:43,1918.90,1,B
10:34:43,1918.90,1,B
10:34:43,1919.00,2,M
10:34:43,1919.00,1,B
10:34:43,1919.00,1,B
10:34:43,1919.10,1,B
10:34:43,1919.10,1,B
10:34:43,1919.10,1,B
10:34:43,1919.10,1,B
10:34:43,1919.10,1,B
10:34:43,1919.10,2,B
10:34:43,1919.20,1,B
10:34:43,1919.20,1,B
10:34:43,1919.20,1,B
10:34:43,1919.20,1,B
10:34:43,1919.20,9,B
10:34:42,1919.70,1,M
10:34:42,1919.30,1,M
10:34:42,1919.30,1,M
10:34:42,1919.30,1,M
10:34:42,1919.30,1,M
10:34:42,1919.30,1,M
10:34:41,1919.30,5,M
10:34:41,1919.30,1,B
10:34:41,1919.30,1,B
10:34:41,1919.50,1,M
10:34:40,1919.70,1,M
10:34:40,1919.70,2,M
10:34:40,1919.20,9,B
10:34:40,1919.30,1,B
10:34:40,1919.30,1,B
10:34:40,1919.40,14,B
10:34:39,1919.70,1,M
10:34:38,1919.40,2,B
10:34:38,1919.70,1,M
10:34:38,1919.40,1,M
10:34:38,1919.40,1,M
10:34:38,1919.20,1,B
10:34:38,1919.30,2,M
10:34:38,1919.20,1,B
10:34:37,1919.30,1,M
10:34:37,1919.20,1,B
10:34:37,1919.30,1,M
10:34:37,1919.20,1,B
10:34:36,1919.20,1,B
10:34:36,1919.30,1,M
10:34:36,1919.20,1,B
10:34:36,1919.20,1,B
10:34:36,1919.30,3,M
10:34:35,1919.00,1,B
10:34:35,1919.20,1,M
10:34:35,1918.70,8,B
10:34:35,1918.80,11,B
10:34:35,1918.90,1,B
10:34:35,1919.00,1,B
10:34:35,1919.00,1,B
10:34:35,1919.00,1,B
10:34:35,1919.00,1,B
10:34:35,1919.10,1,B
10:34:34,1919.20,1,M
10:34:34,1919.10,1,M
10:34:34,1919.10,1,M
10:34:34,1919.00,4,M
10:34:34,1919.00,3,M
10:34:33,1919.00,1,M
10:34:33,1919.00,1,M
10:34:33,1918.60,1,B
10:34:33,1918.60,1,B
10:34:33,1918.70,1,M
10:34:32,1919.00,1,M
10:34:32,1918.60,1,B
10:34:32,1918.60,1,B
10:34:32,1918.70,1,B
10:34:32,1918.70,1,B
10:34:32,1919.10,1,M
10:34:32,1918.80,1,M
10:34:32,1918.80,1,M
10:34:32,1918.60,1,B
10:34:31,1919.30,6,M
10:34:31,1919.30,1,M
10:34:31,1919.20,1,M
10:34:31,1919.20,1,M
10:34:31,1918.90,1,M
10:34:31,1918.90,1,M
10:34:31,1918.30,3,B
10:34:31,1918.30,13,B
10:34:31,1918.50,1,B
10:34:31,1918.50,1,B
10:34:31,1918.60,6,B
10:34:31,1918.70,1,B
10:34:31,1918.70,2,B
10:34:31,1918.80,1,B
10:34:31,1918.90,1,B
10:34:31,1919.20,1,B
10:34:31,1919.50,1,M
10:34:31,1918.60,9,B
10:34:31,1918.80,1,B
10:34:31,1918.80,1,B
10:34:31,1918.90,1,B
10:34:31,1918.90,1,B
10:34:31,1918.90,1,B
10:34:31,1919.00,1,B
10:34:31,1919.00,1,B
10:34:31,1919.00,3,B
10:34:31,1919.10,2,B
10:34:31,1919.10,9,B
10:34:31,1919.20,16,B
10:34:31,1919.30,4,B
10:34:30,1919.20,4,B
10:34:30,1919.20,1,B
10:34:30,1919.20,2,B
10:34:30,1919.30,1,B
10:34:30,1919.40,2,B
10:34:30,1919.40,8,B
10:34:30,1919.50,1,B
10:34:30,1919.60,1,B
10:34:30,1919.60,1,B
10:34:30,1919.60,2,B
10:34:30,1919.70,1,B
10:34:30,1920.10,3,M
10:34:30,1920.10,1,M
10:34:30,1920.10,1,M
10:34:30,1920.10,1,M
10:34:30,1920.00,4,M
10:34:30,1920.00,1,M
10:34:30,1919.90,1,M
10:34:29,1919.80,1,M
10:34:29,1919.70,1,M
10:34:28,1919.70,1,M
10:34:28,1919.70,1,B
10:34:28,1919.70,1,B
10:34:28,1919.70,1,B
10:34:27,1919.70,1,B
10:34:27,1919.70,1,B
10:34:27,1920.00,1,M
10:34:26,1919.70,1,B
10:34:26,1920.10,1,B
10:34:26,1919.60,6,B
10:34:26,1919.60,8,B
10:34:26,1919.60,1,B
10:34:26,1919.70,1,B
10:34:26,1919.70,1,B
10:34:26,1919.70,1,B
10:34:26,1919.70,8,B
10:34:26,1919.70,1,B
10:34:26,1919.70,1,B
10:34:26,1919.80,1,B
10:34:26,1920.00,5,B
10:34:26,1920.00,1,B
10:34:26,1920.00,1,B
10:34:26,1920.00,5,B
10:34:26,1920.00,8,B
10:34:26,1920.10,1,B
10:34:26,1920.00,1,B
10:34:26,1920.00,1,B
10:34:26,1920.00,1,B
10:34:26,1920.00,2,B
10:34:26,1920.00,1,B
10:34:26,1920.00,1,B
10:34:26,1920.00,1,B
10:34:26,1920.00,1,B
10:34:26,1920.00,1,B
10:34:26,1920.10,21,B
10:34:26,1920.20,1,B
10:34:25,1920.10,1,B
10:34:25,1920.40,1,M
10:34:25,1920.10,8,B
10:34:25,1920.10,2,B
10:34:25,1920.20,1,B
10:34:25,1920.20,1,B
10:34:25,1920.50,3,M
10:34:25,1920.40,1,M
10:34:25,1920.40,1,M
10:34:25,1920.20,1,B
10:34:25,1920.20,4,B
10:34:25,1920.20,2,B
10:34:25,1920.30,1,B
10:34:25,1920.30,1,B
10:34:25,1920.30,1,B
10:34:25,1920.40,1,B
10:34:24,1920.40,1,B
10:34:24,1920.40,6,B
10:34:24,1920.80,1,M
10:34:24,1920.70,1,M
10:34:24,1920.70,1,M
10:34:24,1920.70,1,M
10:34:24,1920.40,2,B
10:34:24,1920.40,1,B
10:34:24,1920.40,4,B
10:34:24,1920.40,20,B
10:34:24,1920.60,3,B
10:34:24,1920.70,1,M
10:34:24,1920.40,2,B
10:34:24,1920.50,1,B
10:34:23,1920.50,1,B
10:34:23,1920.40,1,B
10:34:23,1920.50,1,B
10:34:23,1920.50,1,B
10:34:23,1920.50,1,B
10:34:23,1920.50,1,B
10:34:23,1920.50,2,B
10:34:22,1920.50,1,B
10:34:22,1920.50,1,B
10:34:22,1920.50,1,B
10:34:22,1920.70,1,M
10:34:21,1920.70,1,M
10:34:21,1920.70,1,B
10:34:21,1920.70,1,B
10:34:21,1920.70,1,B
10:34:21,1920.70,1,B
10:34:21,1920.70,1,B
10:34:21,1920.70,3,B
10:34:21,1920.70,3,B
10:34:21,1920.70,1,B
10:34:20,1920.70,2,B
10:34:20,1920.70,1,B
10:34:20,1920.70,1,B
10:34:20,1920.70,2,B
10:34:19,1920.70,3,B
10:34:19,1920.70,1,B
10:34:19,1920.70,1,B
10:34:19,1920.70,1,B
10:34:18,1920.80,1,B
10:34:18,1920.90,1,M
10:34:18,1921.00,1,M
10:34:18,1921.00,1,M
10:34:18,1920.80,5,M
10:34:18,1920.80,3,M
10:34:18,1920.80,1,M
10:34:18,1920.80,1,M
10:34:18,1920.80,1,M
10:34:18,1920.80,1,M
10:34:17,1920.80,1,M
10:34:17,1920.70,1,B
10:34:17,1920.80,1,M
10:34:17,1920.80,1,M
10:34:17,1920.80,1,M
10:34:17,1920.80,1,M
10:34:17,1920.80,1,M
10:34:17,1920.80,11,M
10:34:17,1920.70,1,M
10:34:17,1920.60,1,B
10:34:17,1920.60,1,B
10:34:17,1920.60,2,B
10:34:17,1920.60,3,B
10:34:17,1920.60,2,B
10:34:17,1920.60,1,B
10:34:17,1920.60,2,B
10:34:17,1920.60,1,B
10:34:17,1920.60,1,B
10:34:17,1920.60,1,B
10:34:17,1920.60,1,B
10:34:17,1920.60,2,B
10:34:17,1920.60,4,B
10:34:17,1920.60,1,B
