Time,Price,Volume,Side
14:05:04,1988.80,1,M
14:05:04,1988.60,7,B
14:05:04,1988.70,1,B
14:05:04,1988.70,1,B
14:05:03,1988.80,1,M
14:05:03,1988.80,1,M
14:05:03,1988.70,1,B
14:05:02,1988.80,1,B
14:05:02,1988.90,1,M
14:05:00,1988.90,1,M
14:05:00,1988.90,2,M
14:05:00,1988.80,1,M
14:05:00,1988.80,1,B
14:04:58,1988.80,1,M
14:04:57,1988.80,5,M
14:04:57,1988.70,1,B
14:04:56,1988.80,3,M
14:04:56,1988.80,1,M
14:04:56,1988.80,1,M
14:04:56,1988.80,1,M
14:04:55,1988.80,2,M
14:04:55,1988.80,1,M
14:04:55,1988.80,2,M
14:04:55,1988.70,17,M
14:04:55,1988.70,3,B
14:04:54,1988.80,2,M
14:04:54,1988.70,1,B
14:04:54,1988.70,1,B
14:04:54,1988.70,1,B
14:04:53,1988.80,1,M
14:04:53,1988.80,2,M
14:04:52,1988.80,4,M
14:04:52,1988.80,1,M
14:04:51,1988.80,1,M
14:04:50,1988.80,1,M
14:04:50,1988.80,1,M
14:04:50,1988.80,1,M
14:04:49,1988.80,1,B
14:04:49,1988.80,3,B
14:04:47,1988.80,1,M
14:04:47,1988.80,1,M
14:04:47,1988.80,1,M
14:04:46,1989.00,8,M
14:04:46,1989.00,3,M
14:04:46,1988.90,17,M
14:04:46,1988.90,2,M
14:04:46,1988.90,2,M
14:04:46,1988.90,1,M
14:04:45,1988.90,1,M
14:04:45,1988.90,1,M
14:04:45,1988.90,6,M
14:04:45,1988.90,1,M
14:04:45,1988.90,1,M
14:04:45,1988.90,1,M
14:04:45,1988.90,1,M
14:04:45,1988.80,1,M
14:04:44,1988.80,1,B
14:04:44,1988.90,1,M
14:04:44,1988.90,1,M
14:04:43,1988.90,1,M
14:04:43,1988.90,2,M
14:04:42,1988.90,16,M
14:04:42,1988.80,1,M
14:04:40,1988.60,2,B
14:04:39,1988.60,6,B
14:04:38,1988.80,2,M
14:04:38,1988.80,1,M
14:04:38,1988.50,1,B
14:04:38,1988.90,2,M
14:04:38,1988.80,2,M
14:04:38,1988.80,1,M
14:04:37,1988.90,2,M
14:04:37,1988.80,1,M
14:04:37,1988.80,2,M
14:04:37,1988.80,1,M
14:04:37,1988.40,1,B
14:04:37,1988.80,1,M
14:04:37,1988.80,1,M
14:04:37,1988.50,3,M
14:04:36,1988.90,2,M
14:04:36,1988.80,3,M
14:04:36,1988.80,3,M
14:04:36,1988.70,2,M
14:04:36,1988.70,1,M
14:04:35,1988.40,1,B
14:04:35,1988.40,1,B
14:04:35,1988.80,6,M
14:04:35,1988.80,1,M
14:04:35,1988.80,1,M
14:04:35,1988.80,2,M
14:04:35,1988.80,7,M
14:04:35,1988.70,10,M
14:04:35,1988.50,1,M
14:04:35,1988.50,1,M
14:04:35,1988.50,1,M
14:04:35,1988.50,1,M
14:04:35,1988.50,3,M
14:04:35,1988.50,1,M
14:04:34,1988.30,2,B
14:04:34,1988.10,3,B
14:04:34,1988.20,1,B
14:04:34,1988.20,1,B
14:04:34,1988.20,1,B
14:04:33,1988.50,1,M
14:04:33,1988.30,1,B
14:04:33,1988.20,1,B
14:04:33,1988.30,1,B
14:04:32,1988.50,1,M
14:04:32,1988.50,1,M
14:04:31,1988.50,1,M
14:04:31,1988.50,1,M
14:04:31,1988.30,2,B
14:04:30,1988.30,1,B
14:04:30,1988.50,2,M
14:04:29,1988.10,2,B
14:04:29,1988.10,1,B
14:04:29,1988.10,1,B
14:04:29,1988.10,1,B
14:04:29,1988.20,1,B
14:04:29,1988.40,1,B
14:04:29,1988.50,1,M
14:04:29,1988.20,1,B
14:04:28,1988.30,1,M
14:04:28,1988.30,1,M
14:04:27,1988.20,1,B
14:04:27,1988.20,1,B
14:04:27,1988.20,1,B
14:04:26,1988.20,1,B
14:04:26,1988.20,1,B
14:04:26,1988.20,3,B
14:04:25,1988.10,1,B
14:04:25,1988.10,2,B
14:04:25,1988.10,3,B
14:04:25,1988.20,5,B
14:04:25,1988.50,1,M
14:04:25,1988.20,1,M
14:04:24,1988.30,1,B
14:04:24,1988.10,3,B
14:04:24,1988.30,1,M
14:04:24,1988.30,3,M
14:04:24,1988.30,4,M
14:04:23,1988.10,3,M
14:04:23,1988.00,3,B
14:04:23,1988.00,1,B
14:04:23,1988.00,1,B
14:04:23,1988.00,1,B
14:04:23,1988.00,1,B
14:04:23,1988.00,1,B
14:04:23,1988.00,3,B
14:04:23,1988.00,4,B
14:04:23,1988.00,2,B
14:04:23,1988.00,3,B
14:04:23,1988.00,1,B
14:04:23,1988.00,1,B
14:04:23,1988.00,1,B
14:04:23,1988.00,1,B
14:04:23,1988.00,1,B
14:04:23,1988.10,1,B
14:04:23,1988.10,2,B
14:04:23,1988.10,20,B
14:04:23,1988.10,2,B
14:04:23,1988.20,5,B
14:04:23,1988.20,1,B
14:04:23,1988.20,1,B
14:04:23,1988.20,1,B
14:04:23,1988.30,2,M
14:04:22,1988.30,1,M
14:04:22,1988.30,1,M
14:04:22,1988.20,1,B
14:04:21,1988.10,2,B
14:04:21,1988.20,1,B
14:04:21,1988.30,1,M
14:04:21,1988.30,1,M
14:04:21,1988.10,1,B
14:04:21,1988.10,3,B
14:04:21,1988.10,1,B
14:04:20,1988.10,1,B
14:04:20,1988.00,1,B
14:04:20,1988.00,1,B
14:04:20,1988.30,4,M
14:04:20,1988.20,1,M
14:04:20,1988.00,1,B
14:04:19,1988.00,1,B
14:04:19,1988.00,1,B
14:04:19,1988.00,1,B
14:04:19,1988.00,2,B
14:04:19,1988.00,6,B
14:04:19,1988.00,1,B
14:04:19,1988.20,3,M
14:04:19,1988.20,1,M
14:04:19,1988.10,3,M
14:04:19,1988.00,1,B
14:04:18,1988.00,2,B
14:04:18,1988.00,3,B
14:04:18,1988.00,1,B
14:04:18,1988.00,1,B
14:04:18,1988.00,1,B
14:04:18,1988.00,1,B
14:04:18,1988.00,1,B
14:04:18,1988.00,1,B
14:04:18,1988.00,1,B
14:04:18,1988.00,1,B
14:04:18,1988.00,1,B
14:04:18,1988.00,1,B
14:04:18,1988.00,1,B
14:04:18,1988.00,2,B
14:04:18,1988.00,18,B
14:04:18,1988.00,2,B
14:04:18,1988.00,1,B
14:04:17,1988.20,3,M
14:04:17,1988.10,1,M
14:04:17,1988.10,1,M
14:04:17,1988.00,1,B
14:04:17,1988.00,1,B
14:04:17,1988.00,1,B
14:04:17,1988.00,1,B
14:04:16,1988.00,1,B
14:04:16,1988.00,2,B
14:04:16,1988.00,1,B
14:04:16,1988.10,1,B
14:04:16,1988.10,1,B
14:04:16,1988.10,2,B
14:04:15,1988.20,1,M
14:04:15,1988.10,3,B
14:04:15,1988.10,1,B
14:04:15,1988.10,2,M
14:04:15,1988.00,3,B
14:04:15,1988.00,4,B
14:04:15,1988.30,1,B
14:04:14,1988.30,2,B
14:04:14,1988.30,3,B
14:04:14,1988.00,3,B
14:04:14,1988.30,7,B
14:04:14,1988.30,2,B
14:04:14,1988.30,1,B
14:04:14,1988.40,1,M
14:04:14,1988.40,1,M
14:04:14,1988.40,1,M
14:04:14,1988.00,72,B
14:04:14,1988.10,1,B
14:04:13,1988.00,2,B
14:04:13,1988.50,1,M
14:04:13,1988.00,18,B
14:04:13,1988.10,1,B
14:04:13,1988.00,1,B
14:04:13,1988.00,68,B
14:04:13,1988.10,1,B
14:04:13,1988.10,1,B
14:04:13,1988.10,1,B
14:04:13,1988.10,1,B
14:04:13,1988.10,1,B
14:04:13,1988.10,1,B
14:04:13,1988.10,1,B
14:04:13,1988.10,1,B
14:04:13,1988.10,1,B
14:04:13,1988.10,1,B
14:04:13,1988.10,1,B
14:04:13,1988.10,3,B
14:04:13,1988.10,1,B
14:04:13,1988.10,1,B
14:04:13,1988.10,1,B
14:04:13,1988.10,2,B
14:04:13,1988.10,1,B
14:04:13,1988.10,1,B
14:04:13,1988.10,5,B
14:04:13,1988.20,1,B
14:04:13,1988.20,1,B
14:04:13,1988.20,2,B
14:04:13,1988.20,5,B
14:04:13,1988.20,2,B
14:04:13,1988.20,1,B
14:04:13,1988.20,3,B
14:04:13,1988.20,2,B
14:04:13,1988.20,1,B
14:04:13,1988.20,1,B
14:04:13,1988.20,1,B
14:04:13,1988.20,1,B
14:04:13,1988.20,2,B
14:04:13,1988.20,2,B
14:04:13,1988.30,1,B
14:04:13,1988.30,1,B
14:04:13,1988.30,1,B
14:04:13,1988.30,1,B
14:04:13,1988.30,1,B
14:04:13,1988.50,1,B
14:04:13,1988.50,3,B
14:04:12,1988.50,1,B
14:04:12,1988.50,1,B
14:04:12,1988.50,1,B
14:04:12,1988.50,1,B
14:04:12,1988.50,1,B
14:04:12,1988.50,2,B
14:04:12,1988.50,2,B
14:04:12,1988.50,1,B
14:04:12,1988.50,1,B
14:04:12,1988.50,2,B
14:04:11,1988.50,1,B
14:04:11,1988.70,1,M
14:04:10,1988.50,4,B
14:04:10,1988.70,1,M
14:04:10,1988.50,1,B
14:04:10,1988.50,20,B
14:04:10,1988.60,1,B
14:04:10,1988.60,1,B
14:04:10,1988.50,7,B
14:04:09,1988.50,1,B
14:04:09,1988.50,1,B
14:04:09,1988.50,5,B
14:04:09,1988.50,1,B
14:04:09,1988.60,1,B
14:04:09,1988.60,1,B
14:04:09,1988.60,1,B
14:04:09,1988.60,6,B
14:04:09,1988.60,1,B
14:04:09,1988.60,2,B
14:04:08,1988.60,9,B
14:04:08,1988.60,1,B
14:04:08,1988.70,1,M
14:04:08,1988.70,2,M
14:04:08,1988.60,4,B
14:04:08,1988.60,2,B
14:04:07,1988.70,1,M
14:04:07,1988.70,1,M
14:04:07,1988.60,1,B
14:04:07,1988.60,1,B
14:04:06,1988.60,3,B
14:04:06,1988.60,1,B
14:04:06,1988.60,2,B
14:04:06,1988.60,4,B
14:04:06,1988.70,1,M
14:04:06,1988.70,4,M
14:04:05,1988.70,3,M
14:04:05,1988.70,3,M
14:04:05,1988.70,1,B
14:04:02,1988.90,9,M
14:04:02,1988.80,3,M
14:04:02,1988.80,3,M
14:04:02,1988.80,2,M
14:04:01,1989.00,1,M
14:04:00,1988.70,1,B
14:04:00,1988.70,1,B
14:04:00,1988.70,1,B
14:03:59,1988.60,1,B
14:03:59,1988.70,1,B
14:03:59,1988.70,1,B
14:03:59,1988.70,3,B
14:03:59,1988.70,1,B
14:03:59,1988.70,1,B
14:03:59,1988.70,1,B
14:03:59,1988.90,1,B
14:03:59,1989.00,1,M
14:03:59,1989.00,2,M
14:03:59,1989.00,2,M
14:03:59,1988.90,1,B
14:03:58,1988.90,1,B
14:03:58,1989.00,1,M
14:03:57,1989.00,1,M
14:03:57,1989.00,1,M
14:03:56,1988.70,1,B
14:03:56,1988.90,1,B
14:03:55,1989.00,1,M
14:03:55,1989.00,1,M
14:03:54,1988.70,1,B
14:03:54,1988.90,1,B
14:03:54,1988.70,1,B
14:03:53,1988.90,1,B
14:03:53,1988.90,1,B
14:03:53,1988.90,1,M
14:03:53,1988.90,1,B
14:03:51,1988.90,3,B
14:03:51,1989.00,1,M
14:03:51,1988.90,1,B
14:03:51,1988.90,4,B
14:03:50,1988.90,1,B
14:03:49,1988.90,1,B
14:03:49,1988.90,10,B
14:03:49,1988.60,1,B
14:03:48,1988.50,10,B
14:03:48,1988.50,5,B
14:03:48,1988.50,2,B
14:03:48,1988.50,1,B
14:03:48,1988.50,21,B
14:03:48,1988.60,3,B
14:03:48,1988.60,2,B
14:03:48,1988.60,1,B
14:03:48,1988.90,5,B
14:03:48,1989.20,1,M
14:03:48,1989.20,2,M
14:03:48,1989.20,1,M
14:03:48,1989.20,1,M
14:03:48,1989.20,2,M
14:03:48,1989.10,1,M
14:03:48,1989.00,1,M
14:03:48,1989.00,1,M
14:03:48,1988.90,1,M
14:03:47,1988.50,2,B
14:03:47,1988.70,8,B
14:03:47,1988.90,2,M
14:03:47,1988.70,2,M
14:03:47,1988.50,7,B
14:03:47,1988.50,1,B
14:03:47,1988.50,1,B
14:03:47,1988.50,1,B
14:03:47,1988.60,3,B
14:03:47,1988.60,1,B
14:03:47,1988.60,3,B
14:03:47,1988.60,5,B
14:03:47,1988.60,1,B
14:03:47,1988.60,5,B
14:03:47,1988.60,4,B
14:03:47,1988.60,1,B
14:03:47,1988.60,1,B
14:03:47,1988.60,1,B
14:03:47,1988.60,1,B
14:03:47,1988.60,1,B
14:03:47,1988.60,1,B
14:03:47,1988.60,3,B
14:03:47,1988.70,4,B
14:03:47,1988.70,1,B
14:03:47,1988.70,2,B
14:03:47,1988.70,1,B
14:03:47,1988.70,1,B
14:03:45,1988.90,1,M
14:03:45,1988.70,1,B
14:03:45,1988.70,1,B
14:03:44,1988.90,1,B
14:03:44,1989.00,2,M
14:03:43,1988.70,1,B
14:03:43,1988.90,1,M
14:03:42,1988.70,2,B
14:03:42,1988.70,1,B
14:03:41,1988.70,1,B
14:03:40,1988.90,1,M
14:03:39,1988.70,1,B
14:03:39,1988.80,1,B
14:03:37,1988.90,1,M
14:03:37,1988.90,8,M
14:03:36,1988.80,1,B
14:03:36,1989.20,2,M
14:03:36,1989.20,1,M
14:03:36,1989.10,1,M
14:03:36,1989.10,9,M
14:03:36,1988.80,1,M
14:03:36,1988.80,1,B
14:03:36,1988.80,1,B
14:03:35,1988.80,1,B
14:03:35,1989.20,1,M
14:03:35,1989.10,2,M
14:03:35,1989.10,1,M
14:03:35,1989.10,1,M
14:03:35,1989.00,2,M
14:03:35,1989.00,1,M
14:03:34,1988.90,1,M
14:03:34,1988.90,2,M
14:03:34,1988.90,1,M
14:03:34,1988.80,1,M
14:03:34,1988.70,1,M
14:03:33,1988.70,3,M
14:03:33,1988.70,1,M
14:03:32,1988.70,2,M
14:03:31,1988.70,2,M
14:03:31,1988.70,2,M
14:03:31,1988.70,2,M
14:03:31,1988.70,1,M
14:03:30,1988.60,1,B
14:03:30,1988.70,5,M
14:03:29,1988.70,1,B
14:03:29,1988.70,1,B
14:03:28,1988.70,1,B
14:03:28,1988.90,1,M
14:03:25,1988.70,1,B
14:03:24,1988.70,1,B
14:03:24,1989.10,1,M
14:03:24,1989.10,1,M
14:03:24,1989.00,1,M
14:03:24,1989.00,1,M
14:03:24,1989.00,1,M
14:03:24,1989.00,1,M
14:03:24,1989.00,1,M
14:03:24,1989.00,7,M
14:03:24,1989.00,1,M
14:03:24,1989.00,1,M
14:03:24,1989.00,1,M
14:03:23,1989.00,1,M
14:03:23,1988.90,1,M
14:03:23,1988.90,1,M
14:03:23,1988.90,1,M
14:03:22,1988.60,1,B
14:03:22,1988.60,1,B
14:03:21,1988.60,1,B
14:03:21,1988.60,2,B
14:03:21,1988.70,1,B
14:03:19,1988.90,1,M
14:03:19,1988.60,1,B
14:03:18,1988.70,1,M
14:03:17,1988.90,1,M
14:03:16,1988.60,1,B
14:03:16,1988.70,1,B
14:03:15,1988.60,1,B
14:03:15,1988.60,1,B
14:03:14,1988.90,1,M
14:03:14,1988.90,1,M
14:03:13,1988.60,1,B
14:03:12,1988.60,8,B
14:03:12,1988.90,1,M
14:03:12,1988.60,1,B
14:03:12,1988.80,1,B
14:03:11,1988.90,1,M
14:03:11,1988.90,1,M
14:03:10,1988.90,1,M
14:03:10,1988.90,1,M
14:03:09,1988.80,1,B
14:03:08,1988.90,1,M
14:03:07,1988.90,1,M
14:03:05,1989.00,1,M
14:03:05,1988.80,1,B
14:03:05,1988.90,1,M
14:03:04,1988.50,2,B
14:03:04,1988.60,1,B
14:03:04,1988.60,1,B
14:03:04,1989.00,1,M
14:03:04,1988.60,1,B
14:03:04,1988.70,1,B
14:03:04,1988.70,1,B
14:03:04,1989.00,1,B
14:03:04,1989.00,1,B
14:03:04,1989.00,1,B
14:03:04,1989.00,16,B
14:03:04,1989.00,1,B
14:03:04,1989.00,1,B
14:03:04,1989.00,1,B
14:03:04,1989.00,1,B
14:03:04,1989.00,1,B
14:03:04,1989.00,1,B
14:03:03,1989.00,9,B
14:03:03,1989.00,34,B
14:03:03,1989.00,4,B
14:03:03,1989.00,20,B
14:03:02,1989.10,1,M
14:03:02,1989.00,2,B
14:03:02,1989.00,30,B
14:03:02,1989.00,20,B
14:03:02,1989.10,1,B
14:03:02,1989.10,1,B
14:03:02,1989.10,1,B
14:03:02,1989.10,1,B
14:03:02,1989.10,10,B
14:03:02,1989.10,1,B
14:03:02,1989.10,1,B
14:03:02,1989.10,5,B
14:03:00,1989.20,2,M
14:03:00,1989.20,3,M
14:03:00,1989.20,1,M
14:03:00,1989.20,1,M
14:03:00,1989.20,2,M
14:02:59,1989.10,1,B
14:02:59,1989.20,3,M
14:02:59,1989.20,1,M
14:02:59,1989.20,1,M
14:02:58,1989.20,1,M
14:02:58,1989.20,1,M
14:02:58,1989.20,1,M
14:02:58,1989.20,1,M
14:02:57,1989.20,2,M
14:02:57,1989.20,2,M
14:02:57,1989.20,2,M
14:02:57,1989.20,1,M
14:02:57,1989.20,4,M
14:02:57,1989.20,1,M
14:02:56,1989.20,2,M
14:02:56,1989.20,1,M
14:02:56,1989.20,5,M
14:02:56,1989.20,2,M
14:02:56,1989.20,7,M
14:02:56,1989.20,1,M
14:02:56,1989.20,6,M
14:02:56,1989.20,4,M
14:02:56,1989.20,1,M
14:02:55,1989.20,1,M
14:02:55,1989.20,15,M
14:02:55,1989.20,15,M
14:02:55,1989.20,1,M
14:02:55,1989.20,19,M
14:02:55,1989.20,1,M
14:02:55,1989.20,4,M
14:02:54,1989.20,1,M
14:02:54,1989.20,9,M
14:02:54,1989.20,4,M
14:02:54,1989.20,9,M
14:02:54,1989.10,1,B
14:02:54,1989.20,6,M
14:02:54,1989.20,4,M
14:02:54,1989.20,2,M
14:02:54,1989.20,1,M
14:02:53,1989.10,2,B
14:02:53,1989.10,3,M
14:02:53,1989.10,1,M
14:02:52,1989.00,2,B
14:02:52,1989.10,1,M
14:02:51,1989.00,7,B
14:02:51,1989.00,1,M
14:02:51,1989.00,1,M
14:02:51,1989.00,2,M
14:02:51,1989.00,5,M
14:02:51,1989.00,10,M
14:02:51,1989.00,5,M
14:02:51,1989.00,5,M
14:02:51,1989.00,3,M
14:02:51,1989.00,1,M
14:02:51,1989.00,2,M
14:02:51,1989.00,1,M
14:02:51,1989.00,1,M
14:02:51,1988.90,10,M
14:02:51,1988.90,5,M
14:02:50,1988.50,1,B
14:02:50,1988.50,1,B
14:02:50,1988.60,1,B
14:02:49,1988.60,1,B
14:02:48,1988.50,1,B
14:02:47,1988.50,2,B
14:02:47,1988.50,2,B
14:02:47,1988.90,1,M
14:02:47,1988.70,2,M
14:02:47,1988.70,1,M
14:02:47,1988.70,1,M
14:02:46,1988.50,1,B
14:02:46,1988.60,1,B
14:02:45,1988.60,9,M
14:02:45,1988.50,1,B
14:02:45,1988.60,1,M
14:02:44,1988.50,3,B
14:02:44,1988.60,2,M
14:02:43,1988.60,1,M
14:02:41,1988.70,1,M
14:02:40,1988.30,1,B
14:02:39,1988.30,1,B
14:02:39,1988.30,4,B
14:02:39,1988.40,5,B
14:02:39,1988.40,2,B
14:02:39,1988.40,1,B
14:02:39,1988.40,3,B
14:02:39,1988.40,3,B
14:02:39,1988.40,1,B
14:02:39,1988.50,2,M
14:02:39,1988.50,1,M
14:02:39,1988.50,1,M
14:02:38,1988.50,1,B
14:02:38,1988.50,4,B
14:02:38,1988.50,1,B
14:02:38,1988.60,5,B
14:02:38,1988.60,1,B
14:02:38,1988.60,15,B
14:02:38,1988.60,1,B
14:02:38,1988.70,1,M
14:02:37,1988.70,1,M
14:02:37,1988.70,1,M
14:02:35,1988.70,2,M
14:02:34,1988.70,1,M
14:02:32,1988.60,2,B
14:02:32,1988.70,10,B
14:02:32,1988.70,3,B
14:02:32,1988.70,3,B
14:02:32,1988.70,1,B
14:02:32,1988.70,1,B
14:02:31,1988.80,1,M
14:02:31,1988.70,1,B
14:02:30,1988.80,1,M
14:02:29,1988.70,1,M
14:02:29,1988.70,1,B
14:02:29,1988.70,9,B
14:02:28,1988.40,1,B
14:02:28,1988.50,1,B
14:02:28,1988.50,1,B
14:02:28,1988.50,1,B
14:02:28,1988.50,6,B
14:02:28,1988.50,1,B
14:02:28,1988.50,12,B
14:02:27,1988.80,2,M
14:02:27,1988.50,1,B
14:02:27,1988.60,1,B
14:02:27,1988.60,1,B
14:02:27,1988.80,1,M
14:02:27,1988.70,1,M
14:02:27,1988.60,3,B
14:02:26,1988.60,1,B
14:02:26,1988.60,7,B
14:02:26,1988.70,1,B
14:02:25,1988.80,1,M
14:02:24,1988.80,2,M
14:02:24,1988.80,1,B
14:02:24,1988.80,1,B
14:02:24,1988.80,1,B
14:02:24,1988.80,1,B
14:02:24,1988.80,1,B
14:02:22,1988.90,9,M
14:02:22,1988.90,1,M
14:02:22,1988.80,8,M
14:02:20,1988.80,1,M
14:02:18,1988.90,2,M
14:02:16,1988.90,1,M
14:02:16,1988.90,1,M
14:02:15,1988.90,1,B
14:02:15,1988.90,1,M
14:02:14,1988.90,1,M
14:02:14,1988.90,6,M
14:02:14,1988.90,3,M
14:02:14,1988.80,1,M
14:02:13,1988.50,1,B
14:02:12,1988.50,1,B
14:02:12,1988.40,1,B
14:02:12,1988.80,1,M
14:02:12,1988.80,1,M
14:02:12,1988.80,3,M
14:02:12,1988.80,5,M
14:02:12,1988.30,1,B
14:02:11,1988.80,4,M
14:02:11,1988.80,2,M
14:02:11,1988.80,1,M
14:02:11,1988.80,1,M
14:02:11,1988.80,1,M
14:02:11,1988.80,2,M
14:02:11,1988.70,1,M
14:02:11,1988.70,1,M
14:02:11,1988.70,1,M
14:02:11,1988.70,2,M
14:02:11,1988.50,1,M
14:02:11,1988.50,3,M
14:02:11,1988.50,6,M
14:02:11,1988.30,1,B
14:02:10,1988.50,3,M
14:02:10,1988.60,2,B
14:02:10,1988.50,1,M
14:02:10,1988.40,1,B
14:02:09,1988.40,2,B
14:02:09,1988.40,1,B
14:02:09,1988.40,1,B
14:02:09,1988.40,1,B
14:02:09,1988.40,1,B
14:02:09,1988.40,4,B
14:02:09,1988.40,1,B
14:02:09,1988.40,1,B
14:02:09,1988.50,4,B
14:02:09,1988.50,1,B
14:02:09,1988.50,2,B
14:02:09,1988.50,20,B
14:02:09,1988.50,1,B
14:02:09,1988.50,2,B
14:02:09,1988.50,4,B
14:02:09,1988.50,2,B
14:02:09,1988.70,2,B
14:02:09,1988.90,2,M
14:02:09,1988.50,1,B
14:02:09,1988.90,2,M
14:02:08,1988.90,1,M
14:02:08,1988.90,6,M
14:02:08,1988.50,1,B
14:02:08,1988.60,1,B
14:02:08,1988.70,1,B
14:02:08,1988.90,1,M
14:02:07,1988.90,1,M
14:02:07,1988.90,2,M
14:02:07,1988.70,4,B
14:02:07,1988.80,2,B
14:02:07,1988.80,1,B
14:02:07,1988.90,1,M
14:02:06,1988.90,3,M
14:02:06,1988.90,1,M
14:02:06,1988.90,2,M
14:02:06,1988.90,3,M
14:02:05,1988.90,1,B
14:02:05,1988.90,2,B
14:02:05,1988.90,3,B
14:02:05,1989.00,1,M
14:02:05,1989.00,1,B
14:02:05,1989.00,1,B
14:02:05,1989.00,1,B
14:02:04,1989.00,1,B
14:02:04,1989.00,5,B
14:02:04,1989.00,1,B
14:02:04,1989.00,2,B
14:02:04,1989.00,1,B
14:02:04,1989.00,2,B
14:02:04,1989.00,1,B
14:02:04,1989.00,1,B
14:02:03,1989.10,1,B
14:02:03,1989.10,1,B
14:02:03,1989.20,5,M
14:02:03,1989.10,1,B
14:02:03,1989.10,1,B
14:02:02,1989.20,1,M
14:02:02,1989.10,5,B
14:02:02,1989.10,2,B
14:02:02,1989.10,1,B
14:02:02,1989.10,1,B
14:02:01,1989.20,5,M
14:02:01,1989.10,1,B
14:02:01,1989.10,1,B
14:02:01,1989.10,3,B
14:02:01,1989.10,1,B
14:02:01,1989.10,1,B
14:02:01,1989.20,2,M
14:02:01,1989.20,1,B
14:02:01,1989.20,1,B
14:02:01,1989.20,1,B
14:02:00,1989.30,2,M
14:02:00,1989.50,2,M
14:02:00,1989.50,1,M
14:02:00,1989.20,1,B
14:02:00,1989.20,1,B
14:01:59,1989.20,1,B
14:01:59,1989.30,1,B
14:01:59,1989.00,4,B
14:01:59,1989.10,1,B
14:01:59,1989.60,3,M
14:01:59,1989.60,3,M
14:01:59,1989.60,2,M
14:01:59,1989.60,1,M
14:01:59,1989.50,1,M
14:01:59,1989.50,1,M
14:01:59,1989.40,20,M
14:01:59,1989.40,1,M
14:01:59,1989.40,1,M
14:01:59,1989.40,1,M
14:01:59,1989.30,2,M
14:01:59,1989.30,1,M
14:01:59,1989.30,1,M
14:01:59,1989.20,1,M
14:01:59,1989.20,1,M
14:01:59,1989.10,2,B
14:01:58,1989.10,1,M
14:01:58,1989.00,2,M
14:01:58,1989.00,5,M
14:01:58,1989.00,3,M
14:01:58,1989.00,2,M
14:01:58,1989.00,7,M
14:01:58,1989.00,1,M
14:01:58,1989.00,1,M
14:01:58,1989.00,3,M
14:01:58,1989.00,7,M
14:01:58,1989.00,1,M
14:01:58,1989.00,1,M
14:01:58,1989.00,5,M
14:01:58,1989.00,2,M
14:01:58,1989.00,1,M
14:01:58,1989.00,3,M
14:01:58,1989.00,1,M
14:01:58,1989.00,1,M
14:01:58,1989.00,2,M
14:01:58,1989.00,1,M
14:01:58,1989.00,1,M
14:01:58,1989.00,4,M
14:01:57,1989.00,30,M
14:01:57,1989.00,10,M
14:01:57,1989.00,20,M
14:01:57,1989.00,20,M
14:01:56,1989.00,4,M
14:01:56,1989.00,25,M
14:01:56,1989.00,5,M
14:01:56,1989.00,20,M
14:01:56,1989.00,2,M
14:01:56,1989.00,10,M
14:01:55,1989.00,9,M
14:01:55,1988.90,1,M
14:01:55,1988.50,1,B
14:01:55,1988.60,1,B
14:01:55,1988.60,1,B
14:01:55,1988.60,2,B
14:01:55,1988.70,1,B
14:01:54,1988.60,3,B
14:01:54,1988.60,5,B
14:01:54,1988.60,1,B
14:01:54,1989.00,1,M
14:01:54,1989.00,12,M
14:01:54,1988.70,3,M
14:01:54,1988.70,3,M
14:01:54,1988.70,2,M
14:01:53,1989.00,4,M
14:01:53,1989.00,16,M
14:01:53,1988.90,1,M
14:01:53,1988.90,5,M
14:01:53,1988.90,2,M
14:01:53,1988.80,1,M
14:01:53,1988.80,1,M
14:01:52,1988.60,2,B
14:01:52,1988.90,1,M
14:01:52,1988.90,1,M
14:01:52,1988.90,4,M
14:01:52,1988.60,2,B
14:01:51,1988.90,1,M
14:01:51,1988.80,1,M
14:01:51,1988.80,1,M
14:01:51,1988.60,1,B
14:01:51,1988.60,1,B
14:01:50,1988.60,1,B
14:01:50,1988.60,1,B
14:01:50,1988.60,2,B
14:01:49,1988.80,1,B
14:01:49,1988.80,6,B
14:01:49,1988.80,2,B
14:01:48,1988.90,2,M
14:01:48,1988.90,2,M
14:01:48,1988.50,1,B
14:01:48,1988.50,1,B
14:01:48,1988.90,1,M
14:01:47,1988.90,2,M
14:01:47,1988.60,1,B
14:01:46,1988.90,2,M
14:01:46,1988.90,1,B
14:01:46,1989.00,1,M
14:01:45,1989.00,2,M
14:01:45,1988.90,1,B
14:01:45,1988.90,1,B
14:01:45,1988.90,1,M
14:01:45,1988.90,1,M
14:01:45,1988.90,1,M
14:01:45,1988.90,1,M
14:01:45,1988.80,3,M
14:01:45,1988.90,1,M
14:01:44,1988.60,5,B
14:01:44,1988.60,1,B
14:01:44,1988.90,2,M
14:01:44,1988.90,1,M
14:01:44,1988.90,1,M
14:01:43,1988.90,1,M
14:01:43,1988.90,2,M
14:01:43,1988.60,2,B
14:01:43,1988.60,1,B
14:01:43,1988.80,2,B
14:01:43,1988.80,2,B
14:01:42,1988.90,2,M
14:01:42,1988.90,1,B
14:01:42,1988.90,5,B
14:01:41,1989.00,2,M
14:01:40,1989.00,2,M
14:01:40,1988.90,2,B
14:01:39,1989.00,2,M
14:01:39,1988.90,6,B
14:01:39,1989.00,1,M
14:01:39,1989.00,3,M
14:01:39,1989.00,1,M
14:01:38,1989.00,1,M
14:01:37,1988.90,1,B
14:01:37,1988.90,1,B
14:01:37,1988.90,18,B
14:01:37,1989.00,5,M
14:01:37,1989.00,20,M
14:01:36,1988.90,1,B
14:01:36,1989.00,10,M
14:01:35,1989.00,1,M
14:01:35,1989.00,1,M
14:01:35,1989.00,12,M
14:01:35,1988.90,6,B
14:01:34,1989.00,3,M
14:01:34,1989.00,9,M
14:01:34,1988.90,2,B
14:01:33,1988.90,1,B
14:01:33,1989.00,10,M
14:01:33,1988.90,1,B
14:01:33,1988.90,10,B
14:01:32,1988.90,9,M
14:01:32,1988.60,1,B
14:01:32,1988.90,2,M
14:01:32,1988.60,1,B
14:01:32,1988.60,1,B
14:01:31,1989.00,18,M
14:01:31,1988.80,1,M
14:01:31,1988.70,1,M
14:01:31,1988.60,1,B
14:01:31,1988.60,1,B
14:01:31,1988.60,1,B
14:01:31,1988.60,1,B
14:01:31,1989.00,5,M
14:01:30,1988.90,5,M
14:01:30,1988.90,7,M
14:01:30,1988.90,2,M
14:01:30,1988.90,1,M
14:01:30,1988.80,1,M
14:01:30,1988.80,2,M
14:01:30,1988.80,2,M
14:01:30,1988.80,1,M
14:01:30,1988.80,1,M
14:01:30,1988.80,2,M
14:01:30,1988.80,2,M
14:01:30,1988.80,2,M
14:01:29,1988.60,2,B
14:01:29,1988.60,3,B
14:01:29,1988.60,1,B
14:01:29,1988.60,1,B
14:01:29,1988.70,1,B
14:01:29,1988.70,2,B
14:01:29,1988.80,1,B
14:01:28,1988.90,1,B
14:01:28,1988.90,1,B
14:01:28,1988.90,1,B
14:01:28,1988.90,1,B
14:01:28,1988.90,1,B
14:01:28,1988.90,1,B
14:01:28,1988.90,1,B
14:01:28,1989.00,3,B
14:01:28,1989.00,1,B
14:01:28,1989.00,1,B
14:01:28,1989.00,1,B
14:01:28,1989.00,1,B
14:01:28,1989.00,2,B
14:01:28,1989.00,2,B
14:01:28,1989.00,1,B
14:01:28,1989.00,2,B
14:01:28,1989.00,1,B
14:01:28,1989.00,1,B
14:01:28,1989.00,1,B
14:01:28,1989.00,10,B
14:01:28,1989.00,1,B
14:01:28,1989.10,3,B
14:01:28,1989.10,1,B
14:01:28,1989.10,1,B
14:01:28,1989.10,1,B
14:01:28,1989.10,1,B
14:01:28,1989.10,1,B
14:01:28,1989.10,12,B
14:01:28,1989.20,1,B
14:01:28,1989.20,3,B
14:01:28,1989.20,2,B
14:01:28,1989.30,3,B
14:01:28,1989.30,2,B
14:01:28,1989.30,1,B
14:01:28,1989.30,1,B
14:01:28,1989.30,1,B
14:01:28,1989.40,1,B
14:01:28,1989.40,1,B
14:01:28,1989.40,1,B
14:01:28,1989.40,1,B
14:01:28,1989.40,1,B
14:01:28,1989.50,1,B
14:01:28,1989.60,10,B
14:01:28,1989.60,1,B
14:01:28,1989.60,3,B
14:01:28,1989.60,1,B
14:01:28,1989.60,7,B
14:01:28,1989.80,4,M
14:01:28,1989.70,27,M
14:01:28,1989.70,2,M
14:01:27,1989.60,6,B
14:01:27,1989.60,1,B
14:01:26,1989.70,1,M
14:01:26,1989.60,3,B
14:01:26,1989.60,1,M
14:01:26,1989.60,3,M
14:01:26,1989.60,3,M
14:01:26,1989.60,2,M
14:01:26,1989.60,1,M
14:01:26,1989.60,1,M
14:01:25,1989.40,1,B
14:01:25,1989.80,4,M
14:01:25,1989.70,1,M
14:01:25,1989.70,1,M
14:01:25,1989.60,1,M
14:01:25,1989.40,1,B
14:01:25,1989.40,1,B
14:01:25,1989.40,1,B
14:01:25,1989.40,1,B
14:01:25,1989.50,2,B
14:01:25,1989.60,1,M
14:01:25,1989.60,1,B
14:01:24,1989.60,1,B
14:01:24,1989.60,4,B
14:01:24,1989.60,4,B
14:01:24,1989.90,1,M
14:01:24,1989.60,1,B
14:01:23,1989.60,1,B
14:01:23,1989.90,12,M
14:01:23,1989.60,2,M
14:01:23,1989.60,3,M
14:01:23,1989.60,1,M
14:01:23,1989.60,1,M
14:01:23,1989.60,1,M
14:01:22,1989.60,2,M
14:01:22,1989.60,1,M
14:01:22,1989.60,2,M
14:01:22,1989.60,1,M
14:01:22,1989.60,10,M
14:01:22,1989.60,1,M
14:01:22,1990.00,1,M
14:01:22,1989.60,2,B
14:01:22,1989.70,1,B
14:01:22,1990.00,1,M
14:01:21,1990.00,1,M
14:01:21,1989.90,1,M
14:01:21,1989.90,5,M
14:01:21,1989.50,2,B
14:01:21,1989.90,1,M
14:01:21,1989.90,5,M
14:01:21,1989.90,4,M
14:01:21,1989.90,2,M
14:01:21,1989.90,1,M
14:01:21,1989.90,1,M
14:01:21,1989.90,3,M
14:01:21,1989.90,2,M
14:01:21,1989.80,2,M
14:01:21,1989.80,1,M
14:01:21,1989.80,1,M
14:01:21,1989.80,1,M
14:01:21,1989.80,2,M
14:01:21,1989.80,2,M
14:01:21,1989.90,3,M
14:01:21,1989.90,1,M
14:01:21,1989.90,1,M
14:01:20,1989.80,1,M
14:01:20,1989.80,1,M
14:01:20,1989.80,1,M
14:01:20,1989.50,2,M
14:01:19,1989.40,1,B
14:01:19,1989.50,1,B
14:01:19,1989.50,1,B
14:01:19,1989.50,1,B
14:01:19,1989.60,2,B
14:01:19,1989.80,1,M
14:01:19,1989.70,1,M
14:01:19,1989.60,1,B
14:01:19,1989.50,1,B
14:01:19,1989.70,1,M
14:01:19,1989.80,1,M
14:01:19,1989.80,1,M
14:01:18,1989.80,1,M
14:01:18,1989.80,1,M
14:01:18,1989.80,1,M
14:01:18,1989.80,1,M
14:01:18,1989.80,2,M
14:01:18,1989.80,3,M
14:01:18,1989.70,2,M
14:01:18,1989.70,1,M
14:01:18,1989.70,1,M
14:01:18,1989.70,1,M
14:01:18,1989.60,1,M
14:01:18,1989.60,1,M
14:01:18,1989.60,1,M
14:01:18,1989.60,8,M
14:01:18,1989.50,5,M
14:01:18,1989.50,1,M
14:01:18,1989.50,1,M
14:01:18,1989.40,1,M
14:01:18,1989.40,1,M
14:01:18,1989.40,2,M
14:01:18,1989.40,3,M
14:01:18,1989.30,2,M
14:01:18,1989.30,1,M
14:01:18,1989.10,5,B
14:01:18,1989.10,3,M
14:01:17,1989.30,1,M
14:01:17,1989.30,2,M
14:01:17,1989.30,1,M
14:01:17,1989.30,1,M
14:01:17,1989.40,1,M
14:01:17,1989.30,1,M
14:01:17,1989.30,1,M
14:01:17,1989.20,6,M
14:01:17,1989.10,1,M
14:01:17,1989.00,1,B
14:01:16,1989.10,1,M
14:01:16,1989.00,1,B
14:01:16,1989.00,1,B
14:01:16,1989.00,1,B
14:01:16,1989.10,1,B
14:01:16,1989.10,10,B
14:01:15,1989.10,6,B
14:01:15,1989.10,4,B
14:01:15,1989.20,2,M
14:01:13,1989.10,1,M
14:01:13,1989.20,1,M
14:01:13,1989.20,1,M
14:01:13,1989.20,1,M
14:01:13,1989.20,1,M
14:01:13,1989.20,1,M
14:01:13,1989.10,1,M
14:01:13,1989.10,1,M
14:01:13,1989.10,1,M
14:01:13,1989.10,1,M
14:01:13,1989.00,1,M
14:01:13,1989.00,1,M
14:01:13,1989.00,1,M
14:01:13,1988.70,1,B
14:01:12,1988.70,1,B
14:01:12,1988.70,1,B
14:01:12,1988.70,1,B
14:01:12,1988.80,1,B
14:01:12,1988.70,1,B
14:01:12,1988.70,1,B
14:01:12,1988.70,1,B
14:01:12,1988.70,1,B
14:01:12,1988.80,1,B
14:01:12,1988.80,1,B
14:01:12,1989.30,1,M
14:01:12,1989.30,1,M
14:01:12,1989.10,1,M
14:01:11,1989.10,1,M
14:01:11,1988.70,2,B
14:01:11,1989.20,1,M
14:01:11,1989.20,1,M
14:01:11,1989.20,2,M
14:01:11,1989.20,1,M
14:01:11,1989.20,3,M
14:01:11,1989.10,1,M
14:01:11,1989.10,3,M
14:01:11,1989.10,2,M
14:01:11,1989.10,1,M
14:01:11,1989.10,2,M
14:01:11,1989.00,1,M
14:01:11,1989.00,1,M
14:01:11,1989.00,1,M
14:01:11,1989.00,3,M
14:01:11,1989.00,1,M
14:01:11,1989.00,1,M
14:01:11,1989.00,2,M
14:01:11,1989.00,1,M
14:01:11,1988.90,3,M
14:01:11,1988.90,1,M
14:01:11,1988.90,1,M
14:01:11,1988.90,3,M
14:01:11,1988.80,1,M
14:01:11,1988.80,1,M
14:01:11,1988.80,1,M
14:01:11,1988.80,1,M
14:01:11,1988.30,1,B
14:01:11,1988.30,8,B
14:01:11,1988.30,5,B
14:01:11,1988.30,1,B
14:01:11,1988.30,1,B
14:01:11,1988.40,4,B
14:01:11,1988.40,1,B
14:01:11,1988.40,5,B
14:01:11,1988.50,1,B
14:01:11,1988.50,3,B
14:01:11,1988.50,1,B
14:01:11,1988.60,1,B
14:01:11,1988.70,2,B
14:01:11,1989.00,1,M
14:01:11,1988.90,1,M
14:01:10,1988.90,1,M
14:01:10,1988.40,5,B
14:01:10,1988.50,3,B
14:01:10,1988.50,1,B
14:01:10,1988.50,1,B
14:01:10,1988.60,1,B
14:01:10,1988.60,1,B
14:01:10,1988.60,1,B
14:01:10,1988.60,1,B
14:01:10,1988.60,1,B
14:01:10,1988.60,1,B
14:01:10,1988.60,11,B
14:01:10,1988.70,2,B
14:01:10,1988.90,1,B
14:01:10,1989.00,3,B
14:01:10,1989.00,1,B
14:01:10,1989.10,2,M
14:01:10,1989.10,1,M
14:01:10,1989.00,5,B
14:01:10,1989.10,1,M
14:01:10,1988.70,1,B
14:01:10,1988.70,2,B
14:01:10,1988.60,2,B
14:01:10,1988.70,1,B
14:01:10,1988.70,2,B
14:01:10,1988.70,1,B
14:01:09,1989.10,1,M
14:01:09,1989.10,1,M
14:01:09,1989.00,1,M
14:01:09,1989.00,1,M
14:01:09,1989.00,2,M
14:01:09,1988.60,2,B
14:01:09,1988.60,1,B
14:01:09,1988.60,3,B
14:01:09,1989.00,3,M
14:01:09,1989.00,2,M
14:01:09,1989.00,3,M
14:01:09,1989.00,1,M
14:01:09,1989.00,1,M
14:01:09,1989.00,1,M
14:01:09,1989.00,1,M
14:01:09,1989.00,1,M
14:01:08,1988.60,2,B
14:01:08,1988.90,1,M
14:01:08,1988.90,1,M
14:01:08,1988.90,2,M
14:01:08,1988.90,1,M
14:01:08,1988.40,4,B
14:01:08,1988.60,1,B
14:01:08,1988.90,1,M
14:01:08,1988.80,1,M
14:01:08,1988.80,1,M
14:01:08,1988.60,1,B
14:01:07,1988.80,2,M
14:01:07,1988.80,1,M
14:01:07,1988.60,1,B
14:01:07,1988.80,1,M
14:01:07,1988.80,1,M
14:01:07,1988.80,1,M
14:01:07,1988.60,1,B
14:01:07,1988.60,1,B
14:01:07,1988.90,1,M
14:01:07,1988.20,1,B
14:01:07,1988.20,1,B
14:01:07,1988.20,2,B
14:01:07,1988.20,2,B
14:01:07,1988.30,1,B
14:01:07,1988.30,1,B
14:01:07,1988.30,1,B
14:01:07,1988.40,7,B
14:01:07,1988.50,2,B
14:01:07,1988.50,2,B
14:01:07,1988.60,2,B
14:01:06,1988.50,1,B
14:01:06,1988.70,3,M
14:01:06,1988.60,1,M
14:01:06,1988.60,2,M
14:01:06,1988.60,3,M
14:01:06,1988.60,2,M
14:01:06,1988.60,1,M
14:01:06,1988.60,1,M
14:01:06,1988.40,3,B
14:01:06,1988.40,2,B
14:01:05,1988.60,1,M
14:01:05,1988.50,1,M
14:01:05,1988.50,1,M
14:01:05,1988.50,1,M
14:01:05,1988.50,3,M
14:01:05,1988.50,1,M
14:01:05,1988.50,1,M
14:01:05,1988.50,1,M
14:01:05,1988.50,1,M
14:01:05,1988.50,1,M
14:01:05,1988.50,1,M
14:01:05,1988.50,1,M
14:01:05,1988.50,1,M
14:01:05,1988.50,1,M
14:01:05,1988.50,1,M
14:01:05,1988.50,1,M
14:01:05,1988.50,1,M
14:01:05,1988.40,1,M
14:01:05,1988.00,1,B
14:01:05,1988.30,1,B
14:01:05,1988.00,2,B
14:01:04,1987.90,5,B
14:01:04,1988.00,1,B
14:01:04,1988.00,1,B
14:01:04,1988.00,1,B
14:01:04,1988.00,3,B
14:01:04,1988.00,1,B
14:01:04,1988.00,1,B
14:01:04,1988.00,4,B
14:01:04,1988.00,1,B
14:01:04,1988.40,1,M
14:01:03,1988.30,1,M
14:01:03,1988.30,1,M
14:01:03,1988.20,1,M
14:01:03,1988.00,1,B
14:01:03,1988.20,1,M
14:01:03,1988.10,4,M
14:01:03,1988.00,2,B
14:01:03,1988.00,1,B
14:01:03,1988.00,1,B
14:01:03,1988.00,1,B
14:01:03,1988.00,1,B
14:01:03,1988.00,1,B
14:01:03,1988.00,1,B
14:01:03,1988.10,4,M
14:01:03,1988.10,1,M
14:01:03,1988.10,1,M
14:01:03,1988.00,1,B
14:01:03,1988.00,1,B
14:01:02,1988.10,1,M
14:01:02,1988.00,1,B
14:01:02,1988.00,1,B
14:01:01,1988.00,4,B
14:01:01,1988.10,1,B
14:01:01,1988.20,1,B
14:01:00,1988.00,2,B
14:01:00,1988.00,5,B
14:01:00,1988.00,1,B
14:01:00,1988.00,2,B
14:01:00,1988.10,1,B
14:01:00,1988.20,3,B
14:01:00,1988.20,3,B
14:01:00,1988.20,2,B
14:01:00,1988.20,2,B
14:01:00,1988.20,2,B
14:01:00,1988.20,1,B
14:01:00,1988.20,1,B
14:01:00,1988.20,1,B
14:01:00,1988.20,3,B
14:01:00,1988.20,2,B
14:01:00,1988.20,3,B
14:01:00,1988.20,2,B
14:01:00,1988.30,3,B
14:01:00,1988.50,1,B
14:01:00,1988.50,1,M
14:01:00,1988.50,1,M
14:01:00,1988.50,1,M
14:01:00,1989.00,2,M
14:01:00,1989.00,2,M
14:01:00,1989.00,1,M
14:01:00,1988.90,3,M
14:01:00,1988.90,1,M
14:01:00,1988.80,3,M
14:01:00,1988.80,1,M
14:01:00,1988.80,4,M
14:01:00,1988.70,2,M
14:01:00,1988.70,1,M
14:01:00,1988.70,1,M
14:01:00,1988.70,3,M
14:01:00,1988.60,1,M
14:01:00,1988.60,3,M
14:01:00,1988.60,1,M
14:01:00,1988.60,1,M
14:01:00,1988.60,1,M
14:01:00,1988.50,1,M
14:01:00,1988.50,1,M
14:01:00,1988.50,1,M
14:01:00,1988.50,1,M
14:01:00,1988.50,1,M
14:01:00,1988.50,1,M
14:01:00,1988.50,1,M
14:01:00,1988.50,1,M
14:01:00,1988.50,1,M
14:01:00,1988.50,1,M
14:01:00,1988.50,1,M
14:01:00,1988.50,1,M
14:01:00,1988.50,1,M
14:01:00,1988.50,1,M
14:01:00,1988.50,1,M
14:01:00,1988.50,1,M
14:01:00,1988.50,1,M
14:01:00,1988.50,1,M
14:01:00,1988.30,11,M
14:01:00,1988.30,1,M
14:01:00,1988.20,3,M
14:01:00,1988.20,1,M
14:01:00,1988.20,1,M
14:01:00,1988.10,1,B
14:01:00,1988.20,1,M
14:01:00,1988.10,1,B
14:01:00,1988.10,1,B
14:01:00,1988.30,1,M
14:01:00,1988.40,1,M
14:00:59,1988.50,1,M
14:00:59,1988.50,1,B
14:00:59,1988.80,6,M
14:00:59,1988.00,8,B
14:00:59,1988.00,1,B
14:00:59,1988.00,6,B
14:00:59,1988.00,1,B
14:00:59,1988.00,5,B
14:00:59,1988.00,4,B
14:00:59,1988.10,1,B
14:00:59,1988.10,2,B
14:00:59,1988.10,1,B
14:00:59,1988.20,1,B
14:00:59,1988.20,1,B
14:00:59,1988.20,1,B
14:00:59,1988.20,1,B
14:00:59,1988.20,1,B
14:00:59,1988.20,3,B
14:00:59,1988.30,3,B
14:00:59,1988.30,1,B
14:00:59,1988.30,1,B
14:00:59,1988.30,5,B
14:00:59,1988.30,1,B
14:00:59,1988.40,1,B
14:00:59,1988.40,1,B
14:00:59,1988.40,3,B
14:00:59,1988.40,1,B
14:00:59,1988.40,1,B
14:00:59,1988.40,1,B
14:00:59,1988.40,2,B
14:00:59,1988.50,1,B
14:00:59,1988.50,1,B
14:00:59,1988.50,1,B
14:00:59,1988.50,2,B
14:00:59,1988.50,1,B
14:00:59,1988.60,1,B
14:00:59,1988.60,5,B
14:00:59,1988.90,1,B
14:00:58,1988.60,1,B
14:00:58,1988.70,1,B
14:00:58,1989.00,1,M
14:00:58,1988.90,1,M
14:00:58,1988.60,1,B
14:00:57,1988.90,1,M
14:00:57,1988.90,1,M
14:00:57,1988.90,1,M
14:00:57,1988.80,3,M
14:00:57,1988.60,1,B
14:00:57,1988.60,5,B
14:00:57,1988.60,1,B
14:00:56,1988.60,1,B
14:00:56,1988.70,1,B
14:00:56,1988.80,1,M
14:00:56,1988.80,1,M
14:00:56,1988.90,1,M
14:00:56,1988.70,1,M
14:00:56,1988.50,1,B
14:00:56,1988.50,10,B
14:00:56,1988.50,2,B
14:00:56,1988.60,1,B
14:00:55,1989.00,2,M
14:00:55,1989.00,1,M
14:00:55,1989.00,1,M
14:00:55,1989.00,1,M
14:00:55,1988.50,1,B
14:00:55,1988.90,1,M
14:00:55,1988.40,1,B
14:00:55,1988.40,2,B
14:00:55,1988.80,1,B
14:00:55,1988.80,3,B
14:00:55,1989.10,1,M
14:00:55,1988.30,1,B
14:00:55,1988.30,1,B
14:00:55,1988.30,1,B
14:00:55,1988.30,1,B
14:00:55,1988.40,3,B
14:00:55,1988.40,3,B
14:00:55,1988.50,1,B
14:00:55,1988.50,1,B
14:00:55,1988.50,3,B
14:00:55,1988.50,5,B
14:00:55,1988.50,4,B
14:00:55,1988.50,2,B
14:00:55,1988.50,2,B
14:00:55,1988.60,1,B
14:00:55,1988.60,1,B
14:00:55,1988.60,3,B
14:00:55,1988.70,1,B
14:00:55,1988.70,1,B
14:00:55,1988.70,20,B
14:00:55,1988.70,1,B
14:00:55,1988.70,2,B
14:00:55,1988.80,1,B
14:00:55,1988.80,2,B
14:00:55,1988.80,1,B
14:00:55,1988.80,4,B
14:00:55,1988.80,1,B
14:00:55,1988.80,2,B
14:00:55,1988.90,1,B
14:00:55,1988.90,1,B
14:00:55,1989.10,1,B
14:00:55,1989.00,1,B
14:00:54,1989.00,1,B
14:00:54,1989.00,1,B
14:00:54,1989.00,1,B
14:00:54,1989.20,1,B
14:00:54,1989.30,1,M
14:00:54,1989.40,1,M
14:00:54,1989.40,1,M
14:00:54,1989.40,1,M
14:00:54,1989.40,1,M
14:00:54,1989.30,1,M
14:00:53,1988.90,1,B
14:00:53,1989.00,1,B
14:00:53,1989.40,1,M
14:00:53,1989.30,1,M
14:00:53,1989.40,1,M
14:00:53,1989.40,1,M
14:00:53,1989.40,2,M
14:00:53,1988.90,5,B
14:00:53,1988.90,3,B
14:00:53,1989.00,1,B
14:00:53,1989.40,1,M
14:00:53,1989.40,1,M
14:00:53,1989.40,2,M
14:00:53,1989.30,1,M
14:00:53,1989.30,1,M
14:00:53,1989.30,1,M
14:00:53,1989.30,3,M
14:00:53,1989.30,3,M
14:00:53,1989.20,2,M
14:00:53,1989.20,1,M
14:00:53,1989.20,1,M
14:00:53,1989.20,1,M
14:00:53,1989.10,1,M
14:00:52,1989.00,292,M
14:00:52,1988.90,1,B
14:00:51,1988.80,2,M
14:00:51,1988.80,2,M
14:00:51,1988.80,4,M
14:00:51,1988.80,4,M
14:00:51,1988.80,3,M
14:00:51,1988.80,3,M
14:00:51,1988.80,2,M
14:00:51,1988.80,2,M
14:00:51,1988.80,1,M
14:00:51,1988.80,1,M
14:00:51,1989.00,2,M
14:00:51,1989.00,1,M
14:00:51,1989.10,2,M
14:00:51,1989.10,3,M
14:00:51,1988.90,1,M
14:00:51,1988.90,1,M
14:00:51,1988.90,1,M
14:00:51,1988.90,2,M
14:00:50,1988.50,2,B
14:00:50,1988.60,1,B
14:00:50,1988.60,1,B
14:00:50,1988.60,1,B
14:00:50,1988.60,1,B
14:00:50,1988.70,1,B
14:00:50,1989.00,1,M
14:00:50,1989.30,3,M
14:00:50,1988.60,2,B
14:00:50,1988.60,1,B
14:00:50,1988.40,1,B
14:00:50,1988.50,8,B
14:00:50,1988.50,1,B
14:00:50,1988.60,1,B
14:00:50,1988.60,1,B
14:00:50,1988.60,1,B
14:00:50,1988.60,2,B
14:00:50,1988.70,3,B
14:00:50,1988.80,3,B
14:00:50,1988.80,2,B
14:00:50,1988.80,1,B
14:00:50,1988.80,1,B
14:00:50,1988.80,2,B
14:00:50,1988.90,3,B
14:00:50,1988.90,1,B
14:00:50,1988.90,1,B
14:00:50,1988.90,1,B
14:00:50,1988.90,3,B
14:00:50,1988.90,3,B
14:00:50,1989.00,9,B
14:00:50,1989.00,2,B
14:00:50,1989.00,1,B
14:00:50,1989.00,1,B
14:00:50,1989.00,1,B
14:00:50,1989.00,1,B
14:00:50,1989.00,1,B
14:00:50,1989.00,1,B
14:00:50,1989.00,1,B
14:00:50,1989.00,1,B
14:00:50,1989.10,2,B
14:00:50,1989.10,1,B
14:00:50,1989.10,1,B
14:00:50,1989.10,1,B
14:00:50,1989.10,1,B
14:00:50,1989.10,2,B
14:00:50,1989.10,3,B
14:00:50,1989.20,1,B
14:00:50,1989.50,1,M
14:00:50,1989.50,2,M
14:00:50,1989.50,10,M
14:00:50,1989.40,18,M
14:00:50,1989.20,1,B
14:00:50,1989.40,1,B
14:00:50,1989.40,11,B
14:00:49,1989.50,10,M
14:00:49,1989.60,1,M
14:00:49,1989.60,1,M
14:00:49,1989.40,1,B
14:00:48,1989.30,1,B
14:00:48,1989.30,1,B
14:00:48,1989.40,2,B
14:00:48,1989.40,1,B
14:00:48,1989.50,1,B
14:00:48,1989.80,1,M
14:00:48,1989.80,1,M
14:00:48,1989.70,1,M
14:00:48,1989.60,1,M
14:00:47,1989.30,1,B
14:00:47,1989.60,1,M
14:00:47,1989.50,1,M
14:00:47,1989.50,2,M
14:00:47,1989.50,1,M
14:00:47,1989.50,2,M
14:00:47,1989.40,1,M
14:00:47,1989.40,1,M
14:00:47,1989.40,1,M
14:00:47,1989.40,1,M
14:00:47,1989.30,1,M
14:00:47,1989.30,1,M
14:00:47,1989.40,16,M
14:00:47,1989.30,1,M
14:00:47,1989.30,1,M
14:00:47,1989.30,3,M
14:00:47,1989.30,7,M
14:00:47,1989.20,1,M
14:00:47,1989.20,1,M
14:00:47,1989.20,2,M
14:00:47,1989.20,3,M
14:00:47,1989.20,2,M
14:00:47,1989.10,1,M
14:00:47,1989.10,1,M
14:00:47,1989.10,1,M
14:00:47,1989.00,1,M
14:00:47,1989.00,1,M
14:00:47,1989.00,1,M
14:00:47,1989.00,2,M
14:00:47,1989.00,1,M
14:00:47,1989.00,1,M
14:00:47,1988.90,1,M
14:00:47,1988.80,2,M
14:00:46,1988.90,1,M
14:00:46,1988.90,2,M
14:00:46,1988.90,1,M
14:00:46,1988.90,3,M
14:00:46,1988.90,1,M
14:00:46,1988.50,2,B
14:00:46,1988.50,2,B
14:00:46,1988.50,1,B
14:00:46,1988.90,1,M
14:00:46,1988.50,1,B
14:00:46,1988.90,2,M
14:00:46,1988.90,3,M
14:00:46,1988.90,3,M
14:00:46,1988.90,2,M
14:00:46,1988.90,2,M
14:00:46,1988.80,2,M
14:00:46,1988.80,2,M
14:00:46,1988.80,2,M
14:00:46,1988.80,12,M
14:00:46,1988.70,1,M
14:00:46,1988.70,1,M
14:00:46,1988.60,1,M
14:00:46,1988.60,1,M
14:00:45,1988.60,1,M
14:00:45,1988.60,1,M
14:00:45,1988.70,1,M
14:00:45,1988.80,12,M
14:00:45,1988.80,1,M
14:00:45,1988.70,1,M
14:00:45,1988.70,1,M
14:00:45,1988.40,1,M
14:00:45,1988.50,1,M
14:00:45,1988.90,1,B
14:00:45,1988.50,1,M
14:00:45,1987.90,1,B
14:00:45,1987.90,1,B
14:00:45,1987.90,1,B
14:00:45,1988.00,10,B
14:00:45,1988.00,1,B
14:00:45,1988.00,1,B
14:00:45,1988.00,1,B
14:00:45,1988.00,1,B
14:00:45,1988.00,1,B
14:00:45,1988.00,1,B
14:00:45,1988.10,10,B
14:00:45,1988.10,1,B
14:00:45,1988.20,1,B
14:00:45,1988.20,1,B
14:00:45,1988.20,3,B
14:00:45,1988.20,3,B
14:00:45,1988.20,1,B
14:00:45,1988.20,2,B
14:00:45,1988.20,1,B
14:00:45,1988.30,1,B
14:00:45,1988.30,1,B
14:00:45,1988.30,2,B
14:00:45,1988.30,1,B
14:00:45,1988.30,1,B
14:00:45,1988.30,1,B
14:00:45,1988.30,1,B
14:00:45,1988.30,3,B
14:00:45,1988.40,1,B
14:00:45,1988.40,1,B
14:00:45,1988.40,1,B
14:00:45,1988.40,3,B
14:00:45,1988.40,3,B
14:00:45,1988.50,2,B
14:00:45,1988.50,1,B
14:00:45,1988.80,2,B
14:00:45,1988.80,2,B
14:00:45,1988.80,1,B
14:00:45,1989.00,1,M
14:00:45,1989.00,48,M
14:00:45,1989.00,1,M
14:00:45,1989.00,2,M
14:00:45,1989.00,1,M
14:00:45,1989.00,1,M
14:00:45,1989.00,1,M
14:00:45,1988.90,2,M
14:00:45,1988.90,1,B
14:00:45,1989.00,1,M
14:00:45,1989.00,6,M
14:00:44,1989.00,1,M
14:00:44,1989.00,1,M
14:00:44,1989.00,1,M
14:00:44,1989.00,2,M
14:00:44,1988.90,11,M
14:00:44,1988.90,2,M
14:00:44,1988.90,2,M
14:00:44,1988.90,2,M
14:00:44,1988.90,1,M
14:00:44,1988.60,1,B
14:00:44,1988.90,2,M
14:00:44,1988.90,8,M
14:00:44,1988.80,1,M
14:00:44,1988.80,11,M
14:00:44,1988.80,1,M
14:00:44,1988.80,2,M
14:00:44,1988.80,1,M
14:00:44,1988.80,4,M
14:00:44,1988.80,4,M
14:00:44,1988.80,1,M
14:00:44,1988.80,1,M
14:00:44,1988.70,1,M
14:00:44,1988.30,6,B
14:00:44,1988.40,1,B
14:00:44,1988.40,1,B
14:00:44,1988.70,1,M
14:00:44,1988.70,1,M
14:00:44,1988.70,1,M
14:00:43,1988.80,1,M
14:00:43,1988.70,1,M
14:00:43,1988.70,1,M
14:00:43,1988.60,1,M
14:00:43,1988.60,1,M
14:00:43,1988.60,2,M
14:00:43,1988.30,1,B
14:00:43,1988.40,16,M
14:00:43,1988.40,1,M
14:00:42,1988.10,1,B
14:00:42,1988.10,1,B
14:00:42,1988.10,1,B
14:00:42,1988.20,1,B
14:00:42,1988.20,1,B
14:00:42,1988.30,2,B
14:00:42,1988.30,3,B
14:00:42,1988.30,1,B
14:00:42,1988.30,2,B
14:00:42,1988.30,1,B
14:00:42,1988.40,2,M
14:00:42,1988.40,1,M
14:00:42,1988.40,2,M
14:00:42,1988.30,1,B
14:00:42,1988.40,17,M
14:00:42,1988.30,4,B
14:00:42,1988.30,3,B
14:00:42,1988.30,1,B
14:00:42,1988.40,1,M
14:00:42,1988.40,1,M
14:00:42,1988.40,2,M
14:00:42,1988.40,1,M
14:00:42,1988.40,1,M
14:00:42,1988.40,1,M
14:00:42,1988.40,1,M
14:00:41,1988.40,1,M
14:00:41,1988.40,1,M
14:00:41,1988.40,1,M
14:00:41,1988.20,4,B
14:00:41,1988.20,5,B
14:00:41,1988.20,1,B
14:00:41,1988.20,1,B
14:00:41,1988.20,1,B
14:00:41,1988.40,1,M
14:00:41,1988.40,1,M
14:00:41,1988.40,1,M
14:00:41,1988.40,2,M
14:00:41,1988.40,2,M
14:00:41,1988.40,2,M
14:00:41,1988.20,1,B
14:00:41,1988.40,2,M
14:00:41,1988.40,1,M
14:00:41,1988.40,2,M
14:00:41,1988.40,1,M
14:00:41,1988.40,1,M
14:00:41,1988.30,2,M
14:00:41,1988.20,1,B
14:00:41,1988.20,7,B
14:00:41,1988.20,7,B
14:00:41,1988.20,1,B
14:00:40,1988.20,1,B
14:00:40,1988.30,1,M
14:00:40,1988.30,1,M
14:00:40,1988.30,1,M
14:00:40,1988.30,1,M
14:00:40,1987.70,1,B
14:00:40,1987.70,1,B
14:00:40,1987.70,1,B
14:00:40,1987.70,3,B
14:00:40,1987.80,1,B
14:00:40,1987.90,1,B
14:00:40,1987.70,1,B
14:00:40,1987.70,1,B
14:00:40,1988.20,1,M
14:00:40,1987.70,1,B
14:00:40,1987.70,1,B
14:00:40,1987.80,1,B
14:00:40,1988.10,3,M
14:00:40,1988.10,1,M
14:00:40,1987.80,2,B
14:00:40,1987.80,1,B
14:00:40,1987.70,1,B
14:00:40,1987.70,1,B
14:00:40,1987.70,1,B
14:00:40,1988.20,1,B
14:00:40,1988.40,2,B
14:00:40,1988.40,2,B
14:00:40,1988.40,2,B
14:00:40,1988.40,2,B
14:00:40,1988.40,1,B
14:00:40,1988.40,2,B
14:00:40,1988.40,1,M
14:00:40,1988.40,2,M
14:00:40,1988.40,1,M
14:00:40,1988.20,1,M
14:00:40,1988.20,1,M
14:00:40,1987.60,22,B
14:00:40,1987.60,2,B
14:00:40,1987.70,2,B
14:00:40,1987.70,1,B
14:00:40,1987.70,3,B
14:00:40,1987.70,3,B
14:00:40,1987.70,2,B
14:00:40,1987.70,3,B
14:00:40,1987.70,2,B
14:00:40,1987.90,20,B
14:00:40,1987.90,1,B
14:00:40,1988.00,1,B
14:00:40,1988.00,1,B
14:00:40,1988.00,1,B
14:00:40,1988.00,2,B
14:00:40,1988.00,2,B
14:00:40,1988.00,2,B
14:00:40,1988.20,4,M
14:00:40,1988.10,1,B
14:00:39,1988.20,2,B
14:00:39,1988.20,1,B
14:00:39,1988.20,2,B
14:00:39,1988.20,1,B
14:00:39,1988.20,1,B
14:00:39,1988.30,1,M
14:00:39,1988.20,1,B
14:00:39,1988.20,1,B
14:00:39,1988.10,28,M
14:00:39,1988.10,1,M
14:00:38,1988.10,1,M
14:00:38,1988.40,2,M
14:00:38,1988.40,3,M
14:00:38,1988.40,2,M
14:00:38,1988.40,2,M
14:00:38,1988.40,2,M
14:00:38,1988.40,4,M
14:00:38,1988.40,1,M
14:00:38,1988.30,1,M
14:00:38,1988.30,2,M
14:00:38,1988.40,5,M
14:00:38,1988.30,1,M
14:00:38,1988.30,1,M
14:00:38,1988.30,12,M
14:00:38,1988.30,12,M
14:00:38,1988.30,3,M
14:00:38,1988.20,2,M
14:00:38,1988.10,1,M
14:00:38,1988.10,1,M
14:00:38,1988.10,1,M
14:00:38,1988.00,9,M
14:00:38,1988.00,1,M
14:00:38,1988.00,1,M
14:00:38,1988.00,3,M
14:00:38,1987.90,1,M
14:00:38,1987.90,1,M
14:00:38,1987.90,1,M
14:00:38,1987.90,1,M
14:00:38,1987.90,3,M
14:00:38,1987.90,1,M
14:00:38,1987.90,1,M
14:00:38,1987.60,1,B
14:00:37,1987.90,2,M
14:00:37,1987.60,1,B
14:00:37,1987.80,2,M
14:00:37,1987.80,1,M
14:00:37,1987.80,5,M
14:00:37,1987.50,1,B
14:00:37,1987.80,1,M
14:00:37,1987.50,1,B
14:00:37,1987.80,1,M
14:00:37,1987.70,1,B
14:00:37,1987.80,20,M
14:00:37,1987.80,2,M
14:00:37,1987.80,2,M
14:00:37,1987.80,1,M
14:00:37,1987.80,1,M
14:00:36,1987.50,1,M
14:00:36,1987.50,1,B
14:00:36,1987.70,2,M
14:00:36,1987.70,3,M
14:00:36,1987.60,1,B
14:00:36,1987.70,1,M
14:00:36,1987.60,1,M
14:00:36,1987.60,2,B
14:00:36,1987.10,17,B
14:00:36,1987.10,30,B
14:00:36,1987.10,1,B
14:00:36,1987.10,1,B
14:00:36,1987.10,1,B
14:00:36,1987.10,1,B
14:00:36,1987.20,1,B
14:00:36,1987.20,3,B
14:00:36,1987.30,1,B
14:00:36,1987.30,1,B
14:00:36,1987.40,1,B
14:00:36,1987.60,2,B
14:00:36,1987.60,1,B
14:00:36,1987.60,3,B
14:00:36,1987.80,1,M
14:00:36,1987.80,1,M
14:00:36,1987.90,5,M
14:00:36,1987.90,1,M
14:00:36,1987.90,1,M
14:00:36,1987.90,1,M
14:00:36,1987.80,1,M
14:00:36,1987.70,3,M
14:00:36,1987.70,3,M
14:00:36,1987.60,2,M
14:00:36,1987.20,8,B
14:00:36,1987.20,2,B
14:00:36,1987.20,1,B
14:00:36,1987.20,1,B
14:00:36,1987.30,11,B
14:00:36,1987.30,3,B
14:00:36,1987.30,3,B
14:00:36,1987.30,1,B
14:00:36,1987.30,2,B
14:00:36,1987.70,2,B
14:00:36,1987.80,1,M
14:00:36,1987.40,1,B
14:00:36,1987.80,1,M
14:00:36,1987.50,4,B
14:00:36,1987.90,1,M
14:00:36,1987.90,1,M
14:00:36,1987.40,1,B
14:00:36,1987.50,1,B
14:00:35,1987.90,1,M
14:00:35,1987.90,1,M
14:00:35,1987.80,1,M
14:00:35,1987.80,1,M
14:00:35,1987.80,1,M
14:00:35,1987.80,1,M
14:00:35,1987.80,1,M
14:00:35,1987.70,3,M
14:00:35,1987.70,1,M
14:00:35,1987.70,1,M
14:00:35,1987.20,2,B
14:00:35,1987.30,3,B
14:00:35,1987.30,1,B
14:00:35,1987.30,2,B
14:00:35,1987.80,1,M
14:00:35,1987.80,1,M
14:00:35,1987.30,48,B
14:00:35,1987.40,4,B
14:00:35,1987.40,3,B
14:00:35,1987.40,2,B
14:00:35,1987.40,3,B
14:00:35,1987.40,1,B
14:00:35,1987.50,9,B
14:00:35,1987.70,1,M
14:00:35,1987.50,1,B
14:00:35,1987.50,1,B
14:00:35,1987.70,1,M
14:00:35,1987.50,1,B
14:00:35,1987.60,1,B
14:00:35,1987.60,1,M
14:00:35,1987.60,1,M
14:00:35,1987.60,1,M
14:00:35,1987.40,3,B
14:00:34,1987.60,3,M
14:00:34,1987.60,1,M
14:00:34,1987.50,1,M
14:00:34,1987.50,1,M
14:00:34,1987.50,1,M
14:00:34,1987.00,1,B
14:00:34,1987.10,2,B
14:00:34,1987.00,2,B
14:00:34,1987.10,17,B
14:00:34,1987.50,1,M
14:00:34,1987.30,1,B
14:00:34,1987.30,1,B
14:00:34,1987.10,2,B
14:00:34,1987.50,2,M
14:00:34,1987.50,2,M
14:00:34,1987.50,1,M
14:00:34,1987.30,1,M
14:00:34,1987.30,1,M
14:00:34,1987.10,1,B
14:00:34,1987.30,1,M
14:00:34,1987.00,1,B
14:00:34,1987.00,1,B
14:00:34,1987.00,1,B
14:00:34,1987.00,1,B
14:00:34,1987.50,1,M
14:00:34,1987.00,1,B
14:00:34,1987.50,1,M
14:00:34,1987.50,1,M
14:00:34,1987.50,1,M
14:00:34,1987.50,1,M
14:00:34,1987.40,1,M
14:00:34,1987.40,2,M
14:00:34,1987.30,1,M
14:00:34,1987.30,1,M
14:00:34,1987.20,1,M
14:00:34,1987.00,1,B
14:00:34,1987.20,1,M
14:00:34,1987.00,9,B
14:00:34,1987.00,1,B
14:00:34,1987.00,1,B
14:00:34,1987.00,1,B
14:00:34,1987.00,2,B
14:00:34,1987.10,6,B
14:00:34,1987.10,1,B
14:00:34,1987.10,1,B
14:00:34,1987.10,22,B
14:00:34,1987.40,1,M
14:00:33,1987.00,1,B
14:00:33,1987.00,1,B
14:00:33,1987.40,1,M
14:00:33,1987.40,1,M
14:00:33,1987.00,2,B
14:00:33,1987.00,2,B
14:00:33,1987.00,1,B
14:00:33,1987.00,1,B
14:00:33,1987.00,3,B
14:00:33,1987.00,6,B
14:00:33,1987.00,1,B
14:00:33,1987.00,4,B
14:00:33,1987.00,1,B
14:00:33,1987.00,1,B
14:00:33,1987.00,1,B
14:00:33,1987.00,2,B
14:00:33,1987.00,1,B
14:00:33,1987.00,1,B
14:00:33,1987.00,1,B
14:00:33,1987.00,1,B
14:00:33,1987.30,1,B
14:00:33,1987.00,1,B
14:00:33,1987.00,1,B
14:00:33,1987.00,1,B
14:00:33,1987.00,1,B
14:00:33,1987.00,2,B
14:00:33,1987.00,1,B
14:00:33,1987.00,1,B
14:00:33,1987.00,6,B
14:00:33,1987.00,1,B
14:00:33,1987.00,1,B
14:00:33,1987.00,2,B
14:00:33,1987.00,2,B
14:00:33,1987.00,1,B
14:00:33,1987.00,43,B
14:00:33,1987.10,1,B
14:00:33,1987.10,2,B
14:00:33,1987.10,2,B
14:00:33,1987.10,1,B
14:00:33,1987.10,1,B
14:00:33,1987.20,3,M
14:00:33,1987.00,3,B
14:00:33,1987.30,1,B
14:00:33,1987.30,1,B
14:00:33,1987.40,1,M
14:00:33,1987.50,1,M
14:00:33,1987.40,1,M
14:00:33,1987.10,2,M
14:00:33,1987.10,1,M
14:00:32,1987.10,1,M
14:00:32,1987.30,2,B
14:00:32,1987.30,2,B
14:00:32,1987.40,1,B
14:00:32,1987.10,1,B
14:00:32,1987.10,11,B
14:00:32,1987.10,1,B
14:00:32,1987.10,15,B
14:00:32,1987.10,2,M
14:00:32,1987.00,1,B
14:00:32,1987.10,1,M
14:00:32,1987.10,29,M
14:00:32,1987.00,3,B
14:00:32,1987.00,1,B
14:00:32,1987.00,1,B
14:00:32,1987.00,1,B
14:00:32,1987.10,1,M
14:00:32,1987.10,1,M
14:00:32,1987.10,1,M
14:00:32,1987.10,8,M
14:00:32,1987.10,2,M
14:00:32,1987.10,1,M
14:00:32,1987.10,1,M
14:00:32,1987.00,1,B
14:00:32,1987.10,1,M
14:00:32,1987.10,1,B
14:00:32,1987.40,3,B
14:00:32,1987.40,1,B
14:00:32,1987.80,3,B
14:00:32,1987.80,1,B
14:00:32,1987.80,2,M
14:00:32,1987.80,1,M
14:00:32,1987.80,2,M
14:00:32,1987.70,1,M
14:00:32,1987.70,3,M
14:00:32,1987.50,1,M
14:00:32,1987.50,1,B
14:00:32,1987.10,1,B
14:00:32,1987.10,1,B
14:00:32,1987.10,2,B
14:00:32,1987.10,10,B
14:00:32,1987.10,1,B
14:00:32,1987.10,12,B
14:00:32,1987.10,1,B
14:00:32,1987.10,1,B
14:00:32,1987.10,3,B
14:00:32,1987.20,3,B
14:00:32,1987.20,14,B
14:00:32,1987.20,1,B
14:00:32,1987.20,1,B
14:00:32,1987.20,25,B
14:00:32,1987.30,1,B
14:00:32,1987.20,3,B
14:00:32,1987.30,1,B
14:00:32,1987.80,1,M
14:00:32,1987.50,1,B
14:00:32,1987.60,1,B
14:00:32,1987.60,2,B
14:00:32,1987.20,2,B
14:00:32,1987.50,1,B
14:00:32,1987.20,1,B
14:00:32,1987.20,1,B
14:00:32,1987.20,2,B
14:00:32,1987.30,3,B
14:00:32,1987.30,1,B
14:00:32,1987.30,4,B
14:00:32,1987.30,20,B
14:00:32,1987.30,1,B
14:00:32,1987.30,1,B
14:00:32,1987.30,1,B
14:00:32,1987.30,2,B
14:00:32,1987.40,2,B
14:00:32,1987.40,1,B
14:00:32,1987.40,1,B
14:00:32,1987.40,9,B
14:00:32,1988.00,1,M
14:00:32,1988.10,1,M
14:00:32,1988.10,1,M
14:00:32,1988.10,2,M
14:00:32,1988.10,1,M
14:00:32,1988.00,2,M
14:00:32,1988.00,1,M
14:00:32,1988.00,2,M
14:00:32,1988.00,2,M
14:00:32,1987.80,1,M
14:00:32,1987.80,3,M
14:00:32,1987.40,3,B
14:00:32,1987.50,2,B
14:00:32,1987.50,1,B
14:00:32,1987.60,1,B
14:00:32,1987.60,2,B
14:00:32,1987.60,2,B
14:00:32,1987.40,8,B
14:00:32,1987.60,2,B
14:00:32,1987.40,1,B
14:00:32,1987.40,1,B
14:00:32,1987.50,1,B
14:00:32,1987.50,3,B
14:00:32,1987.50,2,B
14:00:32,1987.50,1,B
14:00:32,1987.50,1,B
14:00:32,1987.50,1,B
14:00:32,1987.50,1,B
14:00:32,1987.50,2,B
14:00:32,1988.00,2,M
14:00:32,1987.90,2,M
14:00:32,1987.50,8,B
14:00:32,1987.50,1,B
14:00:32,1987.50,1,B
14:00:32,1987.50,1,B
14:00:32,1987.50,7,B
14:00:32,1987.50,50,B
14:00:32,1987.60,1,B
14:00:32,1987.60,22,B
14:00:32,1987.60,1,B
14:00:32,1987.60,2,B
14:00:32,1987.60,11,B
14:00:32,1987.60,5,B
14:00:32,1987.70,2,B
14:00:32,1987.70,5,B
14:00:32,1987.70,2,B
14:00:32,1987.80,1,B
14:00:32,1987.80,7,B
14:00:32,1987.80,3,B
14:00:32,1987.80,1,B
14:00:32,1988.10,1,B
14:00:32,1988.10,3,B
14:00:32,1988.10,1,M
14:00:32,1988.00,3,M
14:00:32,1988.00,6,M
14:00:32,1988.00,17,M
14:00:32,1987.80,1,B
14:00:32,1987.90,3,B
14:00:31,1987.80,3,B
14:00:31,1987.80,1,B
14:00:31,1987.80,2,B
14:00:31,1987.80,1,B
14:00:31,1987.80,1,B
14:00:31,1987.80,1,B
14:00:31,1987.80,3,B
14:00:31,1987.80,6,B
14:00:31,1987.80,1,B
14:00:31,1988.00,1,B
14:00:31,1988.00,1,B
14:00:31,1988.00,1,B
14:00:31,1988.00,1,B
14:00:31,1988.00,2,B
14:00:31,1988.00,1,B
14:00:31,1988.00,1,B
14:00:31,1988.00,15,B
14:00:31,1988.00,2,B
14:00:31,1988.00,3,B
14:00:31,1988.00,3,B
14:00:31,1988.00,2,B
14:00:31,1988.00,1,B
14:00:31,1988.00,3,B
14:00:31,1988.00,1,B
14:00:31,1988.00,2,B
14:00:31,1988.00,2,B
14:00:31,1988.00,1,B
14:00:31,1988.00,1,B
14:00:31,1988.00,4,B
14:00:31,1988.00,1,B
14:00:31,1988.00,1,B
14:00:31,1988.00,1,B
14:00:31,1988.00,2,B
14:00:31,1988.30,12,B
14:00:31,1988.30,5,B
14:00:31,1988.30,1,B
14:00:31,1988.30,1,B
14:00:31,1988.30,1,B
14:00:31,1988.30,2,B
14:00:31,1988.10,1,M
14:00:31,1988.10,1,M
14:00:31,1988.00,1,B
14:00:31,1988.00,1,B
14:00:31,1988.30,1,M
14:00:31,1988.00,1,B
14:00:31,1988.00,2,B
14:00:31,1988.10,5,B
14:00:31,1988.10,1,B
14:00:31,1988.10,1,B
14:00:31,1988.10,1,B
14:00:31,1988.00,1,B
14:00:31,1988.00,1,B
14:00:31,1988.00,1,B
14:00:31,1988.00,1,B
14:00:31,1988.00,1,B
14:00:31,1988.00,2,B
14:00:31,1988.00,2,B
14:00:31,1988.00,1,B
14:00:31,1988.00,1,B
14:00:31,1988.00,1,B
14:00:31,1988.00,1,B
14:00:31,1988.00,1,B
14:00:31,1988.00,5,B
14:00:31,1988.00,1,B
14:00:31,1988.00,5,B
14:00:31,1988.00,2,B
14:00:31,1988.00,2,B
14:00:31,1988.00,4,B
14:00:31,1988.00,4,B
14:00:31,1988.00,2,B
14:00:31,1988.00,2,B
14:00:31,1988.00,2,B
14:00:31,1988.00,1,B
14:00:31,1988.00,1,B
14:00:31,1988.00,10,B
14:00:31,1988.00,1,B
14:00:31,1988.00,1,B
14:00:31,1988.00,1,B
14:00:31,1988.00,3,B
14:00:31,1988.00,15,B
14:00:31,1988.00,10,B
14:00:31,1988.00,1,B
14:00:31,1988.00,1,B
14:00:31,1988.00,5,B
14:00:31,1988.00,2,B
14:00:31,1988.00,1,B
14:00:31,1988.00,2,B
14:00:31,1988.00,2,B
14:00:31,1988.00,3,B
14:00:31,1988.00,1,B
14:00:31,1988.00,1,B
14:00:31,1988.00,2,B
14:00:31,1988.00,2,B
14:00:31,1988.10,22,B
14:00:31,1988.10,1,B
14:00:31,1988.30,6,M
14:00:31,1988.10,3,B
14:00:30,1988.10,1,B
14:00:30,1988.20,1,M
14:00:30,1988.20,1,B
14:00:30,1988.20,2,B
14:00:30,1988.20,2,B
14:00:30,1988.30,1,B
14:00:30,1988.30,1,B
14:00:30,1988.30,1,M
14:00:30,1988.30,1,M
14:00:30,1988.30,1,M
14:00:30,1988.30,1,M
14:00:30,1988.10,3,B
14:00:30,1988.10,20,B
14:00:30,1988.10,1,B
14:00:30,1988.10,12,B
14:00:30,1988.10,1,B
14:00:30,1988.10,1,B
14:00:30,1988.30,1,B
14:00:30,1988.30,5,B
14:00:30,1988.40,5,B
14:00:30,1988.40,1,B
14:00:30,1988.40,1,B
14:00:30,1988.40,1,B
14:00:30,1988.50,1,M
14:00:30,1988.50,1,M
14:00:30,1988.40,2,B
14:00:30,1988.30,1,B
14:00:30,1988.30,1,B
14:00:30,1988.30,2,B
14:00:30,1988.50,2,M
14:00:30,1988.50,1,M
14:00:30,1988.50,2,M
14:00:30,1988.50,2,M
14:00:29,1988.10,3,B
14:00:29,1988.10,1,B
14:00:29,1988.10,2,B
14:00:29,1988.10,10,B
14:00:29,1988.10,2,B
14:00:29,1988.10,2,B
14:00:29,1988.10,1,B
14:00:29,1988.10,1,B
14:00:29,1988.10,1,B
14:00:29,1988.10,1,B
14:00:29,1988.10,8,B
14:00:29,1988.30,1,B
14:00:29,1988.30,6,M
14:00:29,1988.30,1,M
14:00:29,1988.30,1,M
14:00:29,1988.30,1,M
14:00:29,1988.10,2,B
14:00:29,1988.10,4,B
14:00:29,1988.10,1,B
14:00:29,1988.10,1,B
14:00:29,1988.10,1,B
14:00:29,1988.10,1,B
14:00:29,1988.10,1,B
14:00:29,1988.20,3,B
14:00:29,1988.20,3,B
14:00:29,1988.20,4,B
14:00:29,1988.20,1,B
14:00:29,1988.20,2,B
14:00:29,1988.30,1,B
14:00:29,1988.30,1,B
14:00:29,1988.30,1,B
14:00:29,1988.40,1,B
14:00:29,1988.70,1,M
14:00:29,1988.70,1,M
14:00:29,1988.70,1,M
14:00:29,1988.60,3,M
14:00:29,1988.20,13,B
14:00:29,1988.20,3,B
14:00:29,1988.20,5,B
14:00:29,1988.20,19,B
14:00:29,1988.30,3,B
14:00:29,1988.30,2,B
14:00:29,1988.30,1,B
14:00:29,1988.30,1,B
14:00:29,1988.30,1,B
14:00:29,1988.30,1,B
14:00:29,1988.20,1,B
14:00:29,1988.20,10,B
14:00:29,1988.20,1,B
14:00:29,1988.20,10,B
14:00:29,1988.20,1,B
14:00:29,1988.20,11,B
14:00:29,1988.20,6,B
14:00:29,1988.50,2,B
14:00:29,1988.50,1,B
14:00:29,1988.20,2,B
14:00:29,1988.20,31,B
14:00:29,1988.20,20,B
14:00:29,1988.30,1,B
14:00:29,1988.30,1,B
14:00:29,1988.30,1,B
14:00:29,1988.30,2,B
14:00:29,1988.30,1,B
14:00:29,1988.30,6,B
14:00:29,1988.30,1,B
14:00:29,1988.30,5,B
14:00:29,1988.30,2,B
14:00:29,1988.40,1,B
14:00:29,1988.40,1,B
14:00:29,1988.60,1,M
14:00:29,1988.60,1,M
14:00:29,1988.40,1,B
14:00:29,1988.40,1,B
14:00:29,1988.40,3,B
14:00:29,1988.50,1,B
14:00:28,1988.40,2,B
14:00:28,1988.50,1,B
14:00:28,1988.50,1,B
14:00:28,1988.50,1,M
14:00:28,1988.40,5,B
14:00:28,1988.40,2,B
14:00:28,1988.40,2,B
14:00:28,1988.50,11,B
14:00:28,1988.50,1,B
14:00:28,1988.50,1,B
14:00:28,1988.50,2,B
14:00:28,1988.80,1,M
14:00:28,1988.50,1,B
14:00:28,1988.80,1,M
14:00:28,1988.50,1,B
14:00:28,1988.50,1,B
14:00:28,1988.90,10,B
14:00:28,1988.90,2,B
14:00:28,1989.00,1,M
14:00:28,1989.00,1,M
14:00:28,1988.80,2,M
14:00:28,1988.80,5,M
14:00:28,1988.70,2,M
14:00:28,1988.70,1,M
14:00:28,1988.70,1,M
14:00:28,1988.70,1,M
14:00:28,1988.70,1,M
14:00:28,1988.50,1,B
14:00:28,1988.50,10,B
14:00:28,1988.60,1,B
14:00:28,1988.60,1,B
14:00:28,1988.60,4,B
14:00:28,1988.60,1,B
14:00:28,1988.80,1,M
14:00:28,1988.60,1,B
14:00:28,1988.60,1,B
14:00:28,1988.60,1,B
14:00:28,1988.60,2,B
14:00:28,1988.60,1,B
14:00:28,1988.60,3,B
14:00:28,1988.60,2,B
14:00:28,1988.60,1,B
14:00:28,1988.60,2,B
14:00:28,1988.70,1,B
14:00:28,1988.90,1,B
14:00:28,1988.70,6,B
14:00:28,1988.70,2,B
14:00:28,1988.70,3,B
14:00:27,1988.70,1,B
14:00:27,1988.70,1,B
14:00:27,1988.70,2,B
14:00:27,1988.70,1,B
14:00:27,1988.70,1,B
14:00:27,1988.70,10,B
14:00:27,1988.70,1,B
14:00:27,1988.70,1,B
14:00:27,1988.80,2,B
14:00:27,1988.80,1,B
14:00:27,1988.80,1,B
14:00:27,1988.80,4,B
14:00:27,1988.80,1,B
14:00:27,1988.80,1,B
14:00:27,1989.00,1,M
14:00:27,1988.80,1,B
14:00:27,1988.80,1,B
14:00:27,1988.80,3,B
14:00:27,1989.00,2,M
14:00:27,1989.00,1,M
14:00:27,1988.80,2,B
14:00:27,1988.90,1,M
14:00:27,1988.80,1,B
14:00:27,1988.90,1,M
14:00:27,1988.80,1,B
14:00:27,1988.80,1,B
14:00:27,1988.90,7,B
14:00:27,1988.90,1,B
14:00:27,1988.90,5,B
14:00:27,1989.00,1,B
14:00:27,1989.00,1,B
14:00:27,1989.00,1,B
14:00:27,1989.00,1,B
14:00:27,1989.00,1,B
14:00:27,1989.10,12,B
14:00:27,1989.00,4,B
14:00:27,1989.00,1,B
14:00:27,1989.00,1,B
14:00:27,1989.00,1,B
14:00:27,1989.00,1,B
14:00:27,1989.00,1,B
14:00:27,1989.00,1,B
14:00:27,1989.00,2,B
14:00:27,1989.00,1,B
14:00:27,1989.00,1,B
14:00:27,1989.00,2,B
14:00:27,1989.00,1,B
14:00:27,1989.00,1,B
14:00:27,1989.00,1,B
14:00:27,1989.00,1,B
14:00:27,1989.00,1,B
14:00:27,1989.00,2,B
14:00:27,1989.00,1,B
14:00:27,1989.00,1,B
14:00:27,1989.00,2,B
14:00:27,1989.00,1,B
14:00:27,1989.00,1,B
14:00:27,1989.00,1,B
14:00:27,1989.00,1,B
14:00:27,1989.00,1,B
14:00:27,1989.00,2,B
14:00:27,1989.00,2,B
14:00:27,1989.00,1,B
14:00:27,1989.00,1,B
14:00:27,1989.00,1,B
14:00:27,1989.00,1,B
14:00:27,1989.00,1,B
14:00:27,1989.00,1,B
14:00:27,1989.00,1,B
14:00:27,1989.00,1,B
14:00:27,1989.00,2,B
14:00:27,1989.00,1,B
14:00:27,1989.00,1,B
14:00:27,1989.00,1,B
14:00:27,1989.00,1,B
14:00:27,1989.00,1,B
14:00:27,1989.00,5,B
14:00:27,1989.00,2,B
14:00:27,1989.00,2,B
14:00:27,1989.00,2,B
14:00:27,1989.00,1,B
14:00:27,1989.00,2,B
14:00:27,1989.00,1,B
14:00:27,1989.00,1,B
14:00:27,1989.00,1,B
14:00:27,1989.00,1,B
14:00:27,1989.00,1,B
14:00:27,1989.00,1,B
14:00:27,1989.00,2,B
14:00:27,1989.00,1,B
14:00:27,1989.00,1,B
14:00:27,1989.10,4,B
14:00:27,1989.20,1,B
14:00:27,1989.40,1,M
14:00:27,1989.40,1,M
14:00:26,1989.60,1,M
14:00:26,1989.10,11,B
14:00:26,1989.10,2,B
14:00:26,1989.20,1,B
14:00:26,1989.20,1,B
14:00:26,1989.20,1,B
14:00:26,1989.20,3,B
14:00:26,1989.20,2,B
14:00:26,1989.20,1,B
14:00:26,1989.30,1,B
14:00:26,1989.30,2,B
14:00:26,1989.30,1,B
14:00:26,1989.30,1,B
14:00:26,1989.30,1,B
14:00:26,1989.30,2,B
14:00:26,1989.70,1,M
14:00:26,1989.80,1,M
14:00:26,1989.70,1,M
14:00:26,1989.70,2,M
14:00:26,1989.70,1,M
14:00:26,1989.70,1,M
14:00:26,1989.70,2,M
14:00:26,1989.70,1,M
14:00:26,1989.70,1,M
14:00:26,1989.70,2,M
14:00:26,1989.70,1,M
14:00:26,1989.70,1,M
14:00:26,1989.60,1,M
14:00:26,1989.40,2,M
14:00:26,1989.30,3,M
14:00:25,1989.70,1,M
14:00:25,1989.70,1,M
14:00:25,1989.70,1,M
14:00:25,1989.60,1,M
14:00:25,1989.20,1,B
14:00:25,1989.30,1,B
14:00:25,1989.80,10,M
14:00:25,1989.10,1,B
14:00:25,1989.10,1,B
14:00:25,1989.10,1,B
14:00:25,1989.10,2,B
14:00:25,1989.10,1,B
14:00:25,1989.10,4,B
14:00:25,1989.20,1,B
14:00:25,1989.20,1,B
14:00:25,1989.20,1,B
14:00:25,1989.20,1,B
14:00:25,1989.20,2,B
14:00:25,1989.20,1,B
14:00:25,1989.20,1,B
14:00:25,1989.30,1,B
14:00:25,1989.30,1,B
14:00:25,1989.30,1,B
14:00:25,1989.30,1,B
14:00:25,1989.30,2,B
14:00:25,1989.30,3,B
14:00:25,1989.30,1,B
14:00:25,1989.30,9,B
14:00:25,1989.30,1,B
14:00:25,1989.30,10,B
14:00:25,1989.30,1,B
14:00:25,1989.30,1,B
14:00:25,1989.30,1,B
14:00:25,1989.30,1,B
14:00:25,1989.40,1,B
14:00:25,1989.40,1,B
14:00:25,1989.40,3,B
14:00:25,1989.40,2,B
14:00:25,1989.40,1,B
14:00:25,1989.40,2,B
14:00:25,1989.50,2,B
14:00:25,1989.50,1,B
14:00:25,1989.50,1,B
14:00:25,1989.50,1,B
14:00:25,1989.50,1,B
14:00:25,1989.50,1,B
14:00:25,1989.50,1,B
14:00:25,1989.80,1,M
14:00:25,1989.80,1,M
14:00:24,1989.50,1,B
14:00:24,1989.70,5,B
14:00:24,1989.70,2,B
14:00:24,1989.80,1,B
14:00:24,1989.80,1,B
14:00:24,1989.80,1,B
14:00:24,1989.80,1,B
14:00:24,1989.80,8,B
14:00:24,1990.00,1,M
14:00:24,1989.90,1,M
14:00:24,1989.80,1,B
14:00:24,1989.80,1,B
14:00:24,1990.00,1,M
14:00:24,1989.90,20,M
14:00:24,1989.90,1,M
14:00:24,1989.90,1,M
14:00:23,1989.80,1,M
14:00:23,1989.80,1,M
14:00:23,1989.40,1,B
14:00:23,1989.50,1,B
14:00:23,1989.50,1,B
14:00:23,1989.50,1,B
14:00:23,1989.50,3,B
14:00:23,1989.50,1,B
14:00:23,1989.50,1,B
14:00:23,1989.50,1,B
14:00:23,1989.50,1,B
14:00:23,1989.50,2,B
14:00:23,1989.90,1,M
14:00:22,1989.70,1,M
14:00:22,1989.70,1,M
14:00:22,1989.70,1,M
14:00:22,1989.90,1,M
14:00:22,1989.90,1,M
14:00:22,1989.50,1,B
14:00:22,1989.60,1,B
14:00:21,1989.90,1,M
14:00:21,1989.90,1,M
14:00:21,1989.90,1,M
14:00:21,1989.90,3,M
14:00:21,1989.90,1,M
14:00:21,1989.70,2,B
14:00:21,1989.50,1,B
14:00:21,1989.50,4,B
14:00:21,1989.50,1,B
14:00:21,1989.50,3,B
14:00:21,1989.70,1,B
14:00:21,1989.60,1,B
14:00:21,1989.60,1,B
14:00:21,1989.60,1,B
14:00:21,1989.70,1,B
14:00:21,1989.70,1,B
14:00:21,1989.70,1,B
14:00:20,1990.10,1,M
14:00:20,1990.00,1,M
14:00:20,1989.70,16,B
14:00:20,1990.00,1,M
14:00:20,1989.70,1,B
14:00:20,1989.80,2,B
14:00:20,1990.20,1,M
14:00:20,1990.20,1,M
14:00:19,1989.70,1,B
14:00:19,1989.70,2,B
14:00:19,1989.80,1,B
14:00:19,1989.80,2,B
14:00:19,1989.70,29,B
14:00:19,1989.80,1,B
14:00:19,1989.80,2,B
14:00:19,1989.80,15,B
14:00:19,1989.90,3,B
14:00:19,1989.90,10,B
14:00:19,1990.00,9,B
14:00:19,1990.10,1,B
14:00:19,1990.40,1,M
14:00:19,1990.30,23,M
14:00:19,1990.30,5,M
14:00:19,1990.30,12,M
14:00:19,1990.30,4,M
14:00:18,1990.30,1,M
14:00:18,1990.30,2,M
14:00:18,1990.30,2,M
14:00:18,1990.20,2,M
14:00:18,1990.30,2,M
14:00:18,1990.30,1,M
14:00:18,1990.00,1,B
14:00:18,1990.10,2,B
14:00:18,1990.20,1,M
14:00:18,1990.20,2,M
14:00:18,1990.20,2,M
14:00:18,1990.20,1,M
14:00:18,1990.20,1,M
14:00:18,1990.20,2,M
14:00:18,1990.10,1,B
14:00:18,1990.00,1,B
14:00:18,1990.00,1,M
14:00:18,1990.00,2,M
14:00:18,1990.00,1,M
14:00:17,1990.00,1,M
14:00:17,1990.00,1,M
14:00:17,1989.70,17,M
14:00:17,1989.70,3,M
14:00:17,1989.70,1,B
14:00:17,1990.00,1,M
14:00:17,1990.00,2,M
14:00:17,1990.00,1,M
14:00:17,1989.70,1,B
14:00:17,1990.00,10,M
14:00:17,1990.00,3,M
14:00:17,1990.00,1,M
14:00:17,1990.00,2,M
14:00:17,1989.90,1,M
14:00:17,1989.90,1,M
14:00:17,1989.80,1,B
14:00:17,1989.80,1,M
14:00:17,1989.80,1,M
14:00:17,1989.80,1,M
14:00:17,1989.80,1,M
14:00:17,1989.80,2,M
14:00:17,1989.80,1,M
14:00:17,1989.80,3,M
14:00:17,1989.80,1,M
14:00:17,1989.80,1,M
14:00:16,1989.70,20,M
14:00:16,1989.70,1,M
14:00:16,1989.70,1,M
14:00:16,1989.70,1,M
14:00:16,1989.70,2,M
14:00:16,1989.40,3,B
14:00:16,1989.50,5,B
14:00:16,1989.60,1,B
14:00:16,1989.60,1,B
14:00:16,1989.70,1,M
14:00:16,1989.70,3,M
14:00:16,1989.70,1,M
14:00:16,1989.70,1,M
14:00:16,1989.70,2,M
14:00:16,1989.70,2,M
14:00:16,1989.70,2,M
14:00:16,1989.70,3,M
14:00:16,1989.70,3,M
14:00:16,1989.60,1,M
14:00:16,1989.60,1,M
14:00:16,1989.60,1,M
14:00:16,1989.30,1,B
14:00:15,1989.60,1,M
14:00:15,1989.60,1,M
14:00:15,1989.10,11,B
14:00:15,1989.20,1,B
14:00:15,1989.20,1,B
14:00:15,1989.20,3,B
14:00:15,1989.20,2,B
14:00:15,1989.20,1,B
14:00:15,1989.20,2,B
14:00:15,1989.30,3,B
14:00:15,1989.30,4,B
14:00:15,1989.30,6,B
14:00:15,1989.40,2,B
14:00:15,1989.40,2,B
14:00:15,1989.40,3,B
14:00:15,1989.40,2,B
14:00:15,1989.40,1,B
14:00:15,1989.60,1,B
14:00:15,1989.60,1,B
14:00:15,1989.60,2,B
14:00:15,1989.60,1,B
14:00:15,1989.80,1,B
14:00:15,1989.60,1,B
14:00:15,1989.60,2,B
14:00:15,1989.70,1,B
14:00:15,1989.90,1,M
14:00:15,1989.90,1,M
14:00:15,1989.80,3,M
14:00:14,1989.50,1,B
14:00:14,1990.00,1,M
14:00:14,1990.00,4,M
14:00:14,1989.30,24,B
14:00:14,1989.30,3,B
14:00:14,1989.40,1,B
14:00:14,1989.40,1,B
14:00:14,1989.40,3,B
14:00:14,1989.40,2,B
14:00:14,1989.40,1,B
14:00:14,1989.40,1,B
14:00:14,1989.50,1,B
14:00:14,1989.50,1,B
14:00:14,1989.50,1,B
14:00:14,1989.50,1,B
14:00:14,1989.50,1,B
14:00:14,1989.50,4,B
14:00:14,1989.50,25,B
14:00:14,1989.60,1,B
14:00:14,1989.80,4,B
14:00:14,1990.00,1,M
14:00:14,1990.00,9,M
14:00:14,1989.80,1,B
14:00:14,1990.00,1,M
14:00:14,1990.00,1,M
14:00:14,1989.90,6,M
14:00:14,1989.90,3,M
14:00:14,1989.90,21,M
14:00:14,1989.90,9,M
14:00:14,1989.70,6,M
14:00:14,1989.70,2,M
14:00:14,1989.80,1,B
14:00:14,1989.90,3,M
14:00:14,1989.50,1,B
14:00:14,1989.50,1,B
14:00:14,1989.50,1,B
14:00:14,1989.50,1,B
14:00:13,1989.60,1,B
14:00:13,1989.60,1,B
14:00:13,1989.90,1,M
14:00:13,1989.90,1,M
14:00:13,1989.90,1,M
14:00:13,1989.60,3,M
14:00:13,1989.60,2,B
14:00:13,1989.70,2,M
14:00:13,1989.80,1,M
14:00:13,1989.80,1,M
14:00:13,1989.80,1,M
14:00:13,1989.80,1,M
14:00:12,1989.80,1,M
14:00:12,1989.80,1,M
14:00:12,1989.50,2,B
14:00:12,1989.80,1,M
14:00:12,1989.60,2,M
14:00:12,1989.50,1,B
14:00:12,1989.60,1,M
14:00:12,1989.60,1,M
14:00:12,1989.50,1,B
14:00:12,1989.50,1,B
14:00:11,1989.60,1,B
14:00:11,1989.60,1,B
14:00:11,1989.60,3,B
14:00:11,1989.60,1,B
14:00:11,1989.70,1,M
14:00:11,1989.70,3,M
14:00:11,1989.60,1,B
14:00:11,1989.60,1,B
14:00:11,1989.60,1,B
14:00:11,1989.60,1,B
14:00:11,1989.60,1,B
14:00:11,1989.60,1,B
14:00:10,1989.10,1,B
14:00:10,1989.20,20,B
14:00:10,1989.20,2,B
14:00:10,1989.30,1,B
14:00:10,1989.30,1,B
14:00:10,1989.30,2,B
14:00:10,1989.30,1,B
14:00:10,1989.30,2,B
14:00:10,1989.40,5,B
14:00:10,1989.50,1,B
14:00:10,1989.50,1,B
14:00:10,1990.00,1,M
14:00:10,1990.00,1,M
14:00:10,1990.00,1,M
14:00:10,1990.00,1,M
14:00:10,1990.00,2,M
14:00:10,1990.00,1,M
14:00:10,1990.00,1,M
14:00:10,1990.00,2,M
14:00:10,1990.00,1,M
14:00:10,1990.00,1,M
14:00:10,1989.90,3,M
14:00:10,1989.50,3,B
14:00:10,1989.50,1,B
14:00:10,1989.50,2,B
14:00:10,1989.50,1,B
14:00:10,1989.50,2,B
14:00:10,1989.50,2,B
14:00:10,1989.50,2,B
14:00:10,1989.50,9,B
14:00:10,1989.70,1,B
14:00:10,1989.90,1,B
14:00:10,1990.00,1,M
14:00:10,1990.00,1,M
14:00:10,1989.50,1,B
14:00:10,1989.50,1,B
14:00:10,1989.60,1,B
14:00:10,1990.00,1,M
14:00:10,1989.90,1,M
14:00:10,1989.90,2,M
14:00:10,1989.90,2,M
14:00:10,1989.90,2,M
14:00:10,1989.90,1,M
14:00:09,1989.90,1,M
14:00:09,1989.50,1,B
14:00:09,1989.90,1,M
14:00:09,1989.90,3,M
14:00:09,1989.60,1,B
14:00:09,1989.60,1,B
14:00:09,1989.60,1,B
14:00:09,1989.60,1,B
14:00:09,1989.70,3,B
14:00:09,1989.70,3,B
14:00:09,1989.20,3,B
14:00:09,1989.30,3,B
14:00:09,1989.30,3,B
14:00:09,1989.50,3,B
14:00:09,1989.60,2,B
14:00:09,1990.10,1,M
14:00:09,1990.10,2,M
14:00:09,1990.10,2,M
14:00:09,1990.00,2,M
14:00:09,1989.70,2,M
14:00:09,1989.70,1,M
14:00:09,1990.00,2,M
14:00:09,1990.00,1,M
14:00:09,1989.90,3,M
14:00:09,1989.90,2,M
14:00:09,1989.80,1,M
14:00:09,1989.70,1,M
14:00:09,1989.70,1,M
14:00:09,1989.60,1,M
14:00:09,1989.20,4,B
14:00:09,1989.20,23,B
14:00:09,1989.30,1,B
14:00:09,1989.30,1,B
14:00:09,1989.30,1,B
14:00:09,1989.30,11,B
14:00:09,1989.40,5,B
14:00:09,1989.40,12,B
14:00:09,1989.40,1,B
14:00:09,1989.40,1,B
14:00:09,1989.40,9,B
14:00:09,1989.50,1,B
14:00:08,1989.40,3,B
14:00:08,1989.40,1,B
14:00:08,1989.50,1,B
14:00:08,1989.50,2,B
14:00:08,1989.50,1,B
14:00:08,1989.60,1,B
14:00:08,1989.60,1,B
14:00:08,1990.10,1,M
14:00:08,1989.50,2,B
14:00:08,1989.50,1,B
14:00:08,1989.50,3,B
14:00:08,1989.60,1,B
14:00:08,1989.60,1,B
14:00:08,1989.60,3,B
14:00:08,1989.70,2,B
14:00:08,1989.70,1,B
14:00:08,1989.70,1,B
14:00:08,1989.80,1,B
14:00:08,1989.80,1,B
14:00:08,1989.80,1,B
14:00:08,1989.80,1,B
14:00:08,1989.80,1,B
14:00:08,1989.80,2,B
14:00:08,1989.90,1,B
14:00:08,1990.00,2,B
14:00:08,1990.00,1,B
14:00:08,1990.20,1,B
14:00:08,1990.20,8,B
14:00:08,1990.20,1,B
14:00:08,1990.20,1,B
14:00:08,1990.30,1,M
14:00:08,1990.20,1,B
14:00:08,1990.20,1,M
14:00:08,1990.20,1,M
14:00:08,1990.20,1,M
14:00:08,1990.20,2,M
14:00:08,1990.20,1,M
14:00:08,1990.20,3,M
14:00:08,1990.20,3,M
14:00:08,1990.20,2,M
14:00:08,1990.10,1,M
14:00:08,1990.10,3,M
14:00:08,1990.00,1,M
14:00:08,1990.00,1,M
14:00:08,1989.50,2,B
14:00:07,1990.00,1,M
14:00:07,1990.00,2,M
14:00:07,1990.00,1,M
14:00:07,1990.00,1,M
14:00:07,1990.00,1,M
14:00:07,1989.50,1,B
14:00:07,1989.50,3,B
14:00:07,1989.50,1,B
14:00:07,1989.60,1,B
14:00:07,1989.60,3,B
14:00:07,1989.60,1,B
14:00:07,1989.60,20,B
14:00:07,1989.60,1,B
14:00:07,1989.60,1,B
14:00:07,1989.60,5,B
14:00:07,1989.70,1,B
14:00:07,1989.70,1,B
14:00:07,1989.70,1,B
14:00:07,1989.70,1,B
14:00:07,1989.70,1,B
14:00:07,1989.70,3,B
14:00:07,1989.80,1,B
14:00:07,1989.80,2,B
14:00:07,1989.80,3,B
14:00:07,1990.10,19,B
14:00:07,1990.10,4,B
14:00:07,1990.20,3,B
14:00:07,1990.20,1,M
14:00:07,1990.20,2,M
14:00:07,1990.20,1,M
14:00:07,1990.20,1,M
14:00:07,1990.20,2,M
14:00:07,1990.20,3,M
14:00:07,1990.20,1,M
14:00:07,1990.20,2,M
14:00:07,1990.20,2,M
14:00:07,1990.20,2,M
14:00:07,1990.20,1,M
14:00:07,1990.20,1,M
14:00:07,1990.20,1,M
14:00:07,1990.20,1,M
14:00:07,1990.20,1,M
14:00:07,1990.10,1,B
14:00:07,1990.10,1,B
14:00:07,1990.20,1,M
14:00:07,1990.20,1,M
14:00:06,1990.10,1,M
14:00:06,1990.10,1,M
14:00:06,1990.10,3,M
14:00:06,1989.70,1,B
14:00:06,1989.70,1,B
14:00:06,1989.70,1,B
14:00:06,1989.70,2,B
14:00:06,1990.20,1,M
14:00:06,1989.60,6,B
14:00:06,1989.90,2,B
14:00:06,1990.00,2,B
14:00:06,1990.10,2,M
14:00:06,1990.10,1,M
14:00:06,1990.10,3,M
14:00:06,1990.10,1,M
14:00:06,1990.00,2,M
14:00:06,1990.00,1,M
14:00:06,1990.00,2,M
14:00:06,1990.00,1,M
14:00:06,1990.00,1,M
14:00:06,1990.00,1,M
14:00:06,1990.00,4,M
14:00:06,1989.90,1,B
14:00:06,1989.90,1,M
14:00:06,1989.90,1,M
14:00:06,1989.90,1,M
14:00:06,1989.80,1,M
14:00:06,1989.80,1,M
14:00:06,1989.80,1,M
14:00:06,1989.60,4,B
14:00:06,1989.60,5,B
14:00:05,1989.50,1,M
14:00:05,1989.40,3,B
14:00:05,1989.50,1,B
14:00:05,1989.50,1,B
14:00:05,1989.50,1,M
14:00:05,1989.40,1,B
14:00:05,1990.00,1,M
14:00:05,1989.90,1,M
14:00:05,1989.40,2,B
14:00:05,1989.40,1,B
14:00:05,1989.50,1,B
14:00:05,1989.50,1,B
14:00:05,1989.50,1,B
14:00:05,1989.50,1,B
14:00:05,1989.50,1,B
14:00:05,1989.50,1,B
14:00:05,1989.90,1,M
14:00:05,1989.50,1,B
14:00:05,1989.50,1,B
14:00:05,1989.60,1,M
14:00:05,1989.50,1,B
14:00:05,1989.50,4,B
14:00:05,1989.60,6,B
14:00:05,1989.60,5,M
14:00:05,1989.50,2,B
14:00:05,1990.00,1,M
14:00:05,1989.50,1,B
14:00:05,1989.50,3,B
14:00:05,1989.50,2,B
14:00:05,1989.50,1,B
14:00:05,1990.00,1,M
14:00:05,1989.50,1,B
14:00:04,1990.00,1,M
14:00:04,1990.00,1,M
14:00:04,1989.90,1,M
14:00:04,1989.80,1,M
14:00:04,1989.70,1,M
14:00:04,1989.50,5,B
14:00:04,1989.70,1,M
14:00:04,1989.70,1,M
14:00:04,1989.50,3,B
14:00:04,1989.50,2,B
14:00:04,1989.50,3,B
14:00:04,1989.60,1,B
14:00:04,1989.60,1,B
14:00:03,1989.60,2,M
14:00:03,1989.60,1,M
14:00:03,1989.60,1,M
14:00:03,1989.60,1,M
14:00:03,1989.20,4,B
14:00:03,1989.20,1,B
14:00:03,1989.20,1,B
14:00:03,1989.60,1,M
14:00:03,1989.60,2,M
14:00:03,1989.40,12,M
14:00:03,1989.60,1,M
14:00:03,1989.60,1,M
14:00:03,1989.20,1,B
14:00:03,1989.40,1,B
14:00:03,1989.40,1,B
14:00:03,1989.40,1,B
14:00:03,1989.40,3,B
14:00:03,1989.40,1,B
14:00:03,1989.40,1,M
14:00:03,1989.60,1,M
14:00:02,1989.10,2,B
14:00:02,1989.50,1,M
14:00:02,1989.50,1,M
14:00:02,1989.10,1,B
14:00:02,1989.10,1,B
14:00:02,1989.10,10,B
14:00:02,1989.10,1,B
14:00:02,1989.20,2,B
14:00:02,1989.50,1,M
14:00:02,1989.50,1,M
14:00:02,1989.10,1,B
14:00:02,1989.20,1,M
14:00:02,1989.10,1,B
14:00:02,1989.10,7,B
14:00:02,1989.10,2,B
14:00:02,1989.10,2,B
14:00:02,1989.10,1,B
14:00:02,1989.10,1,B
14:00:02,1989.10,10,B
14:00:02,1989.10,3,B
14:00:02,1989.10,2,B
14:00:02,1989.20,2,B
14:00:02,1989.20,1,B
14:00:02,1989.20,1,B
14:00:02,1989.20,1,B
14:00:02,1989.60,2,M
14:00:02,1989.20,1,B
14:00:02,1989.20,1,B
14:00:02,1989.30,1,B
14:00:01,1989.20,1,B
14:00:01,1989.20,2,B
14:00:01,1989.20,1,B
14:00:01,1989.20,1,B
14:00:01,1989.30,1,B
14:00:01,1989.60,1,M
14:00:01,1989.30,1,B
14:00:01,1989.10,1,B
14:00:01,1989.30,1,B
14:00:01,1989.10,17,B
14:00:01,1989.10,4,B
14:00:01,1989.20,3,B
14:00:01,1989.30,1,B
14:00:01,1989.30,1,B
14:00:01,1989.30,1,B
14:00:01,1989.30,1,B
14:00:01,1989.30,1,B
14:00:01,1989.30,1,B
14:00:01,1989.50,5,B
14:00:01,1989.60,1,M
14:00:01,1989.50,1,B
14:00:01,1989.50,1,B
14:00:01,1989.50,1,B
14:00:01,1989.50,1,B
14:00:01,1989.80,1,B
14:00:01,1989.50,1,M
14:00:01,1989.10,1,B
14:00:01,1989.10,1,B
14:00:01,1989.20,2,B
14:00:01,1989.20,1,B
14:00:01,1989.90,1,M
14:00:01,1989.80,1,M
14:00:01,1989.80,1,M
14:00:01,1989.80,1,M
14:00:01,1989.70,1,M
14:00:01,1989.70,1,M
14:00:01,1989.70,1,M
14:00:01,1989.70,1,M
14:00:01,1989.60,2,M
14:00:01,1989.60,1,M
14:00:01,1989.50,1,M
14:00:01,1989.50,1,M
14:00:01,1989.50,1,M
14:00:01,1989.50,1,M
14:00:01,1989.50,1,M
14:00:01,1989.50,1,M
14:00:01,1989.50,1,M
14:00:01,1989.40,1,M
14:00:01,1989.40,1,M
14:00:01,1989.20,1,B
14:00:01,1989.20,1,B
14:00:01,1989.20,2,B
14:00:01,1989.20,5,B
14:00:01,1989.20,8,B
14:00:01,1989.30,1,M
14:00:01,1989.30,1,M
14:00:01,1989.30,1,B
14:00:01,1989.20,1,B
14:00:01,1989.20,1,B
14:00:01,1989.20,1,B
14:00:01,1989.20,10,B
14:00:01,1989.20,1,B
14:00:01,1989.20,1,B
14:00:01,1989.20,7,B
14:00:01,1989.20,18,B
14:00:01,1989.30,2,B
14:00:01,1989.30,1,B
14:00:00,1989.30,1,B
14:00:00,1989.30,1,B
14:00:00,1989.20,1,B
14:00:00,1989.20,3,B
14:00:00,1989.80,1,M
14:00:00,1989.40,1,M
14:00:00,1989.80,1,M
14:00:00,1989.80,1,M
14:00:00,1989.60,2,M
14:00:00,1989.60,1,M
14:00:00,1989.30,2,M
14:00:00,1989.30,1,M
14:00:00,1989.30,1,M
14:00:00,1989.30,1,M
14:00:00,1989.30,1,M
14:00:00,1989.20,2,B
14:00:00,1989.40,1,M
14:00:00,1989.40,1,M
14:00:00,1989.20,2,B
14:00:00,1989.30,1,B
14:00:00,1989.20,5,B
14:00:00,1989.20,1,B
14:00:00,1989.30,1,B
14:00:00,1989.30,1,B
14:00:00,1989.30,2,B
14:00:00,1989.30,1,B
14:00:00,1989.30,1,B
14:00:00,1989.30,1,B
14:00:00,1989.70,1,M
14:00:00,1989.60,3,M
14:00:00,1989.60,1,M
14:00:00,1989.60,1,M
14:00:00,1989.30,4,B
14:00:00,1989.50,1,M
14:00:00,1989.50,1,M
14:00:00,1989.30,2,B
14:00:00,1989.30,1,B
14:00:00,1989.40,2,B
14:00:00,1989.40,1,B
14:00:00,1989.50,1,M
14:00:00,1989.40,1,B
14:00:00,1989.40,1,B
14:00:00,1989.40,3,B
14:00:00,1989.40,3,B
14:00:00,1989.40,4,B
14:00:00,1989.40,1,B
14:00:00,1989.40,1,B
14:00:00,1989.40,1,B
14:00:00,1989.50,1,B
14:00:00,1989.80,1,M
14:00:00,1989.50,1,B
14:00:00,1989.50,1,B
14:00:00,1989.50,2,B
14:00:00,1989.50,2,B
14:00:00,1989.50,2,B
14:00:00,1989.50,1,B
14:00:00,1989.50,1,B
14:00:00,1989.50,1,B
14:00:00,1989.50,1,B
14:00:00,1989.50,1,B
14:00:00,1989.50,2,B
14:00:00,1989.60,1,B
14:00:00,1989.60,2,B
14:00:00,1989.60,1,M
14:00:00,1989.50,1,B
14:00:00,1989.50,1,B
14:00:00,1989.50,8,B
14:00:00,1989.50,1,B
13:59:59,1989.50,1,B
13:59:59,1989.50,1,B
13:59:59,1989.50,1,B
13:59:59,1989.50,2,B
13:59:59,1989.50,1,B
13:59:59,1989.60,5,B
13:59:59,1989.60,1,B
13:59:59,1989.60,1,B
13:59:59,1989.60,1,B
13:59:59,1989.60,1,B
13:59:59,1989.70,1,B
13:59:59,1989.70,1,B
13:59:59,1989.70,1,B
13:59:59,1989.70,2,B
13:59:59,1989.70,7,B
13:59:59,1989.80,1,B
13:59:59,1989.80,2,B
13:59:59,1990.20,1,M
13:59:59,1990.20,5,M
13:59:59,1990.10,4,M
13:59:59,1989.80,1,B
13:59:59,1989.80,1,B
13:59:59,1989.80,1,B
13:59:59,1989.80,3,B
13:59:59,1989.80,1,B
13:59:59,1989.80,2,B
13:59:59,1989.80,1,B
13:59:59,1989.90,2,B
13:59:59,1989.90,2,B
13:59:59,1989.90,1,B
13:59:59,1989.90,2,B
13:59:59,1989.90,1,B
13:59:59,1989.90,1,B
13:59:59,1990.00,4,B
13:59:59,1990.00,1,B
13:59:59,1990.00,3,B
13:59:59,1990.00,2,B
13:59:59,1990.20,1,M
13:59:59,1990.10,5,B
13:59:59,1990.20,1,M
13:59:59,1990.20,1,M
13:59:59,1990.10,5,B
13:59:59,1990.20,1,M
13:59:58,1990.20,1,M
13:59:58,1990.00,1,B
13:59:58,1990.20,1,M
13:59:58,1990.00,1,B
13:59:58,1990.20,1,M
13:59:58,1990.20,1,M
13:59:58,1990.20,3,M
13:59:58,1990.20,2,M
13:59:58,1990.00,1,B
13:59:58,1990.00,1,B
13:59:58,1990.00,7,B
13:59:58,1990.00,7,B
13:59:58,1990.00,1,B
13:59:58,1990.00,2,B
13:59:58,1990.00,4,B
13:59:58,1990.00,1,B
13:59:58,1990.00,1,B
13:59:58,1990.00,1,B
13:59:58,1990.10,2,M
13:59:58,1990.00,1,B
13:59:58,1990.00,1,B
13:59:58,1990.00,2,B
13:59:58,1990.00,1,B
13:59:58,1990.00,1,B
13:59:58,1990.00,4,B
13:59:58,1990.00,1,B
13:59:58,1990.00,1,B
13:59:58,1990.00,1,B
13:59:58,1990.00,1,B
13:59:58,1990.00,1,B
13:59:58,1990.00,1,B
13:59:58,1990.00,4,B
13:59:58,1990.00,1,B
13:59:58,1990.00,1,B
13:59:58,1990.00,1,B
13:59:58,1990.00,1,B
13:59:58,1990.00,3,B
13:59:58,1990.00,1,B
13:59:58,1990.00,1,B
13:59:58,1990.00,2,B
13:59:58,1990.00,1,B
13:59:58,1990.00,3,B
13:59:58,1990.00,1,B
13:59:58,1990.00,1,B
13:59:58,1990.00,1,B
13:59:58,1990.00,2,B
13:59:58,1990.00,5,B
13:59:58,1990.00,1,B
13:59:58,1990.00,1,B
13:59:58,1990.00,2,B
13:59:58,1990.00,1,B
13:59:58,1990.00,1,B
13:59:58,1990.00,1,B
13:59:58,1990.00,1,B
13:59:58,1990.00,1,B
13:59:58,1990.00,1,B
13:59:58,1990.00,1,B
13:59:58,1990.00,1,B
13:59:58,1990.00,1,B
13:59:58,1990.00,1,B
13:59:58,1990.00,1,B
13:59:58,1990.00,1,B
13:59:58,1990.00,3,B
13:59:58,1990.00,1,B
13:59:58,1990.00,1,B
13:59:58,1990.00,1,B
13:59:58,1990.00,2,B
13:59:58,1990.00,1,B
13:59:58,1990.00,1,B
13:59:58,1990.00,1,B
13:59:58,1990.00,1,B
13:59:58,1990.00,1,B
13:59:58,1990.00,1,B
13:59:58,1990.00,2,B
13:59:58,1990.00,1,B
13:59:58,1990.00,1,B
13:59:58,1990.00,1,B
13:59:58,1990.00,1,B
13:59:58,1990.00,1,B
13:59:58,1990.00,1,B
13:59:58,1990.00,4,B
13:59:58,1990.00,1,B
13:59:58,1990.20,3,M
13:59:58,1990.20,1,M
13:59:58,1990.20,1,M
13:59:58,1990.10,1,M
13:59:58,1990.00,1,B
13:59:57,1990.50,1,M
13:59:57,1990.40,1,M
13:59:57,1990.00,10,B
13:59:57,1990.10,1,B
13:59:57,1990.10,1,B
13:59:57,1990.10,1,B
13:59:57,1990.30,1,B
13:59:57,1990.10,2,B
13:59:57,1990.10,1,B
13:59:57,1990.10,1,B
13:59:57,1990.10,1,B
13:59:57,1990.00,9,B
13:59:57,1990.00,1,B
13:59:57,1990.00,1,B
13:59:57,1990.10,8,B
13:59:57,1990.10,1,B
13:59:57,1990.10,2,B
13:59:57,1990.10,2,B
13:59:57,1990.10,3,B
13:59:57,1990.30,3,B
13:59:57,1990.50,1,M
13:59:57,1990.30,1,B
13:59:57,1990.30,2,B
13:59:57,1990.30,17,M
13:59:57,1990.20,7,M
13:59:57,1990.30,2,M
13:59:57,1990.10,1,B
13:59:56,1990.10,5,B
13:59:56,1990.20,2,B
13:59:56,1990.20,1,B
13:59:56,1990.20,1,B
13:59:56,1990.20,1,B
13:59:56,1990.20,1,B
13:59:56,1990.30,2,B
13:59:56,1990.30,1,B
13:59:56,1990.30,1,B
13:59:56,1990.20,1,B
13:59:56,1990.20,5,B
13:59:56,1990.20,1,B
13:59:56,1990.20,1,B
13:59:56,1990.20,1,B
13:59:56,1990.20,1,B
13:59:56,1990.20,2,B
13:59:55,1990.10,2,B
13:59:55,1990.20,1,B
13:59:55,1990.20,2,B
13:59:55,1990.20,1,B
13:59:55,1990.60,1,M
13:59:55,1990.60,3,M
13:59:55,1990.50,1,M
13:59:55,1990.50,8,M
13:59:55,1990.50,3,M
13:59:55,1990.20,1,M
13:59:55,1990.20,4,M
13:59:55,1990.10,1,B
13:59:55,1990.10,1,B
13:59:55,1990.10,1,B
13:59:55,1990.10,2,B
13:59:55,1990.10,1,B
13:59:55,1990.10,13,B
13:59:55,1990.10,1,B
13:59:55,1990.10,1,B
13:59:55,1990.10,1,B
13:59:55,1990.10,1,B
13:59:55,1990.10,2,B
13:59:55,1990.10,1,B
13:59:55,1990.10,8,B
13:59:55,1990.20,1,M
13:59:55,1990.20,1,M
13:59:55,1990.20,1,M
13:59:55,1990.10,2,B
13:59:55,1990.10,2,B
13:59:55,1990.10,3,B
13:59:55,1990.10,1,B
13:59:55,1990.10,1,B
13:59:55,1990.10,3,B
13:59:55,1990.10,2,B
13:59:55,1990.10,3,B
13:59:55,1990.10,1,B
13:59:55,1990.10,1,B
13:59:55,1990.10,5,B
13:59:55,1990.10,1,B
13:59:55,1990.10,1,B
13:59:55,1990.10,13,B
13:59:55,1990.10,1,B
13:59:55,1990.10,1,B
13:59:55,1990.10,1,B
13:59:55,1990.20,12,B
13:59:55,1990.20,2,B
13:59:55,1990.20,3,B
13:59:55,1990.20,3,B
13:59:55,1990.20,1,B
13:59:55,1990.20,1,B
13:59:55,1990.20,2,B
13:59:54,1990.20,2,B
13:59:54,1990.20,2,B
13:59:54,1990.20,1,B
13:59:54,1990.20,1,B
13:59:54,1990.20,1,B
13:59:54,1990.20,1,B
13:59:54,1990.20,1,B
13:59:54,1990.20,1,B
13:59:54,1990.20,1,B
13:59:54,1990.20,1,B
13:59:54,1990.20,1,B
13:59:54,1990.20,2,B
13:59:54,1990.20,1,B
13:59:54,1990.20,1,B
13:59:54,1990.20,1,B
13:59:54,1990.50,3,M
13:59:54,1990.50,1,M
13:59:54,1990.20,5,B
13:59:54,1990.20,1,B
13:59:54,1990.20,1,B
13:59:54,1990.20,2,B
13:59:54,1990.20,1,B
13:59:54,1990.20,1,B
13:59:54,1990.20,1,B
13:59:54,1990.20,1,B
13:59:54,1990.20,2,B
13:59:54,1990.50,1,M
13:59:54,1990.20,1,B
13:59:54,1990.20,4,B
13:59:54,1990.20,1,B
13:59:54,1990.20,1,B
13:59:54,1990.20,1,B
13:59:54,1990.20,1,B
13:59:54,1990.50,2,M
13:59:54,1990.20,1,B
13:59:54,1990.20,1,B
13:59:54,1990.30,1,B
13:59:54,1990.30,1,B
13:59:54,1990.30,1,B
13:59:54,1990.30,7,B
13:59:54,1990.30,1,B
13:59:54,1990.30,16,B
13:59:54,1990.30,1,B
13:59:54,1990.30,2,B
13:59:54,1990.30,1,B
13:59:54,1990.30,10,B
13:59:54,1990.30,3,B
13:59:54,1990.30,1,B
13:59:54,1990.70,1,M
13:59:54,1990.70,1,M
13:59:54,1990.30,1,B
13:59:54,1990.30,1,B
13:59:54,1990.30,3,B
13:59:54,1990.30,1,B
13:59:54,1990.30,1,B
13:59:54,1990.30,1,B
13:59:54,1990.40,1,B
13:59:54,1990.40,1,B
13:59:54,1990.40,1,B
13:59:54,1990.40,1,B
13:59:54,1990.40,2,B
13:59:54,1990.40,2,B
13:59:54,1990.40,2,B
13:59:54,1990.40,1,B
13:59:54,1990.40,2,B
13:59:54,1990.40,1,B
13:59:54,1990.40,1,B
13:59:54,1990.40,3,B
13:59:54,1990.40,7,B
13:59:54,1990.50,1,B
13:59:54,1990.50,1,B
13:59:54,1990.50,1,B
13:59:54,1990.50,1,B
13:59:54,1990.50,4,B
13:59:54,1990.50,1,B
13:59:54,1990.50,1,B
13:59:54,1990.50,19,B
13:59:54,1990.50,1,B
13:59:54,1990.50,1,B
13:59:54,1990.50,5,B
13:59:54,1990.50,1,B
13:59:54,1990.50,2,B
13:59:54,1990.50,2,B
13:59:54,1990.50,4,B
13:59:54,1990.50,1,B
13:59:54,1990.50,5,B
13:59:54,1990.60,1,B
13:59:54,1990.50,1,B
13:59:54,1990.60,1,B
13:59:54,1990.60,1,B
13:59:54,1990.60,1,B
13:59:53,1990.60,1,B
13:59:53,1990.60,1,B
13:59:53,1990.70,1,B
13:59:53,1990.70,1,B
13:59:53,1990.60,8,B
13:59:53,1990.60,1,B
13:59:53,1990.60,5,B
13:59:53,1990.60,1,B
13:59:53,1990.60,1,B
13:59:53,1990.60,1,B
13:59:53,1990.60,2,B
13:59:53,1990.60,3,B
13:59:53,1990.60,1,B
13:59:53,1990.70,7,B
13:59:53,1990.70,5,B
13:59:53,1990.70,1,B
13:59:53,1990.70,1,B
13:59:53,1990.80,7,B
13:59:53,1990.80,1,B
13:59:53,1990.80,2,B
13:59:53,1990.90,1,B
13:59:53,1990.90,1,B
13:59:53,1990.90,3,B
13:59:53,1990.90,7,B
13:59:53,1990.90,10,B
13:59:53,1990.90,1,B
13:59:53,1990.90,1,B
13:59:53,1990.90,1,B
13:59:53,1991.00,2,B
13:59:53,1991.00,7,B
13:59:53,1991.00,1,B
13:59:53,1991.00,5,B
13:59:53,1991.00,1,B
13:59:53,1991.00,1,B
13:59:53,1991.00,2,B
13:59:53,1991.00,1,B
13:59:53,1991.00,2,B
13:59:53,1991.00,1,B
13:59:53,1991.00,2,B
13:59:53,1991.00,1,B
13:59:53,1991.00,1,B
13:59:53,1991.00,1,B
13:59:53,1991.00,1,B
13:59:53,1991.00,5,B
13:59:53,1991.00,25,B
13:59:53,1991.00,1,B
13:59:53,1991.00,5,B
13:59:53,1991.00,1,B
13:59:53,1991.00,11,B
13:59:53,1991.10,1,M
13:59:53,1991.00,6,B
13:59:53,1991.00,1,B
13:59:53,1991.00,3,B
13:59:53,1991.00,1,B
13:59:53,1991.00,1,B
13:59:53,1991.00,1,B
13:59:53,1991.00,1,B
13:59:53,1991.00,2,B
13:59:53,1991.00,1,B
13:59:53,1991.00,1,B
13:59:53,1991.00,1,B
13:59:52,1991.00,1,B
13:59:52,1991.00,10,B
13:59:52,1991.00,1,B
13:59:52,1991.00,1,B
13:59:52,1991.00,2,B
13:59:52,1991.00,1,B
13:59:52,1991.00,2,B
13:59:52,1991.00,1,B
13:59:52,1991.00,1,B
13:59:52,1991.00,1,B
13:59:52,1991.00,2,B
13:59:52,1991.00,4,B
13:59:52,1991.00,2,B
13:59:52,1991.00,3,B
13:59:52,1991.00,1,B
13:59:52,1991.00,1,B
13:59:52,1991.00,1,B
13:59:52,1991.00,10,B
13:59:52,1991.00,8,B
13:59:52,1991.00,4,B
13:59:52,1991.20,4,M
13:59:52,1991.00,4,B
13:59:52,1991.10,1,B
13:59:52,1991.00,30,B
13:59:52,1991.00,1,B
13:59:52,1991.00,1,B
13:59:52,1991.00,1,B
13:59:52,1991.00,7,B
13:59:52,1991.00,1,B
13:59:52,1991.00,1,B
13:59:52,1991.00,1,B
13:59:52,1991.10,1,B
13:59:52,1991.10,2,B
13:59:52,1991.10,7,B
13:59:52,1991.10,2,B
13:59:52,1991.10,1,B
13:59:52,1991.10,1,B
13:59:52,1991.10,1,B
13:59:52,1991.10,1,B
13:59:52,1991.10,20,B
13:59:52,1991.10,1,B
13:59:52,1991.10,1,B
13:59:52,1991.10,3,B
13:59:52,1991.10,1,B
13:59:52,1991.10,1,B
13:59:52,1991.10,6,B
13:59:52,1991.10,2,B
13:59:52,1991.20,1,M
13:59:52,1991.10,1,B
13:59:52,1991.10,1,B
13:59:52,1991.10,40,B
13:59:52,1991.10,5,B
13:59:52,1991.20,1,B
13:59:52,1991.20,1,B
13:59:52,1991.20,1,B
13:59:52,1991.20,3,B
13:59:52,1991.20,1,B
13:59:52,1991.20,1,B
13:59:52,1991.20,5,B
13:59:52,1991.30,2,M
13:59:52,1991.20,2,B
13:59:52,1991.20,1,B
13:59:52,1991.20,1,B
13:59:52,1991.20,1,B
13:59:52,1991.20,1,B
13:59:52,1991.20,1,B
13:59:52,1991.20,1,B
13:59:52,1991.20,1,B
13:59:52,1991.30,1,M
13:59:52,1991.30,1,M
13:59:51,1991.20,1,B
13:59:51,1991.20,1,B
13:59:51,1991.30,1,B
13:59:51,1991.30,7,B
13:59:51,1991.30,1,B
13:59:51,1991.30,4,B
13:59:51,1991.30,2,B
13:59:51,1991.30,4,B
13:59:51,1991.30,2,B
13:59:51,1991.30,3,B
13:59:51,1991.30,1,B
13:59:51,1991.30,1,B
13:59:51,1991.30,3,B
13:59:51,1991.30,5,B
13:59:51,1991.40,4,B
13:59:51,1991.40,1,B
13:59:51,1991.40,7,B
13:59:51,1991.40,1,B
13:59:51,1991.40,5,B
13:59:51,1991.40,1,B
13:59:51,1991.40,1,B
13:59:51,1991.40,1,B
13:59:51,1991.40,1,B
13:59:51,1991.50,5,B
13:59:51,1991.50,14,B
13:59:51,1991.50,1,B
13:59:51,1991.50,7,B
13:59:51,1991.50,5,B
13:59:51,1991.50,19,B
13:59:50,1991.50,4,B
13:59:50,1991.50,1,B
13:59:50,1991.50,2,B
13:59:50,1991.50,1,B
13:59:50,1991.50,18,B
13:59:50,1991.50,1,B
13:59:50,1991.50,1,B
13:59:50,1991.50,1,B
13:59:50,1991.50,1,B
13:59:50,1991.50,1,B
13:59:50,1991.50,1,B
13:59:50,1991.50,1,B
13:59:50,1991.50,1,B
13:59:50,1991.50,1,B
13:59:50,1991.50,1,B
13:59:50,1991.50,19,B
13:59:50,1991.60,4,B
13:59:50,1991.60,1,B
13:59:50,1991.60,1,B
13:59:50,1991.60,1,B
13:59:48,1992.00,2,M
13:59:48,1991.80,1,B
13:59:47,1991.80,1,B
13:59:47,1991.60,7,B
13:59:47,1991.60,20,B
13:59:47,1991.70,21,B
13:59:47,1991.70,2,B
13:59:47,1991.80,1,B
13:59:47,1991.80,2,B
13:59:47,1991.80,2,B
13:59:46,1991.90,30,B
13:59:44,1991.80,1,B
13:59:43,1992.20,1,M
13:59:43,1992.20,1,M
13:59:43,1992.20,3,M
13:59:43,1991.80,1,B
13:59:42,1992.00,1,M
13:59:42,1991.80,1,B
13:59:42,1992.00,1,B
13:59:42,1992.00,1,B
13:59:42,1992.00,1,B
13:59:41,1992.20,1,M
13:59:41,1992.00,1,B
13:59:40,1992.10,11,B
13:59:39,1992.10,1,M
13:59:39,1992.00,6,B
13:59:39,1992.00,1,M
13:59:39,1992.00,1,M
13:59:38,1992.00,1,M
13:59:38,1992.00,9,M
13:59:38,1992.00,2,M
13:59:37,1992.00,2,M
13:59:37,1992.00,9,M
13:59:37,1992.00,26,M
13:59:37,1992.00,17,M
13:59:37,1992.00,10,M
13:59:37,1992.00,2,M
13:59:36,1991.90,1,B
13:59:36,1992.00,30,M
13:59:33,1992.00,1,M
13:59:33,1991.80,1,B
13:59:33,1992.00,2,M
13:59:33,1991.80,1,B
13:59:32,1992.00,1,M
13:59:32,1991.80,1,B
13:59:32,1991.80,1,B
13:59:32,1991.80,1,B
13:59:32,1991.80,4,M
13:59:32,1991.80,1,M
13:59:32,1991.80,2,M
13:59:32,1991.80,3,M
13:59:31,1991.70,3,B
13:59:31,1991.80,2,M
13:59:31,1991.80,2,M
13:59:30,1991.70,1,B
13:59:30,1991.80,1,M
13:59:30,1991.60,10,B
13:59:30,1991.60,1,B
13:59:30,1991.60,2,B
13:59:30,1991.70,2,B
13:59:29,1991.70,2,B
13:59:28,1991.80,1,M
13:59:28,1991.80,1,M
13:59:28,1991.60,1,B
13:59:28,1991.60,4,B
13:59:28,1991.80,2,M
13:59:27,1991.60,1,B
13:59:27,1991.60,1,B
13:59:27,1991.60,1,B
13:59:27,1991.60,2,B
13:59:27,1991.60,5,B
13:59:27,1991.70,1,B
13:59:27,1991.70,1,B
13:59:27,1991.70,1,B
13:59:27,1991.70,1,B
13:59:27,1991.70,1,B
13:59:27,1991.80,6,B
13:59:27,1992.00,9,M
13:59:27,1991.90,1,M
13:59:27,1991.80,1,B
13:59:27,1991.80,1,B
13:59:27,1991.80,2,B
13:59:26,1991.80,1,B
13:59:26,1991.80,1,B
13:59:26,1991.80,4,B
13:59:26,1991.80,1,B
13:59:26,1991.90,12,B
13:59:26,1991.90,3,B
13:59:26,1991.90,1,B
13:59:26,1991.80,6,B
13:59:26,1991.80,1,B
13:59:26,1991.80,1,B
13:59:26,1991.80,1,B
13:59:26,1991.80,3,B
13:59:26,1991.90,1,B
13:59:26,1991.90,1,B
13:59:26,1991.90,7,B
13:59:26,1992.00,1,B
13:59:26,1992.00,1,B
13:59:26,1992.00,1,B
13:59:26,1992.00,1,B
13:59:26,1992.00,1,B
13:59:26,1992.00,1,B
13:59:26,1992.00,3,B
13:59:26,1992.00,1,B
13:59:26,1992.00,2,B
13:59:26,1992.00,2,B
13:59:26,1992.00,1,B
13:59:26,1992.00,1,B
13:59:26,1992.00,1,B
13:59:26,1992.00,16,B
13:59:26,1992.00,3,B
13:59:26,1992.00,13,B
13:59:25,1992.00,4,B
13:59:25,1992.10,1,B
13:59:25,1992.10,3,B
13:59:25,1992.20,2,B
13:59:25,1992.10,7,B
13:59:25,1992.10,1,B
13:59:25,1992.10,1,B
13:59:25,1992.10,2,B
13:59:25,1992.20,1,B
13:59:25,1992.20,1,B
13:59:25,1992.20,1,B
13:59:25,1992.20,4,B
13:59:25,1992.20,2,B
13:59:25,1992.40,2,M
13:59:25,1992.20,1,B
13:59:24,1992.20,1,B
13:59:24,1992.30,3,B
13:59:24,1992.30,2,B
13:59:24,1992.30,1,B
13:59:24,1992.40,1,B
13:59:24,1992.40,1,B
13:59:24,1992.50,2,B
13:59:23,1992.50,1,B
13:59:23,1992.60,1,M
13:59:23,1992.50,8,B
13:59:22,1992.60,2,M
13:59:21,1992.50,1,B
13:59:20,1992.50,2,B
13:59:20,1992.50,2,M
13:59:20,1992.50,5,B
13:59:20,1992.50,1,B
13:59:20,1992.50,1,B
13:59:16,1992.60,2,B
13:59:16,1992.60,1,B
13:59:16,1992.70,1,B
13:59:14,1992.70,1,B
13:59:12,1992.60,1,B
13:59:12,1992.60,2,B
13:59:10,1992.60,1,B
13:59:09,1992.60,2,B
13:59:08,1992.60,1,B
13:59:08,1992.70,1,B
13:59:07,1993.00,1,B
13:59:07,1993.00,2,M
13:59:07,1993.00,12,M
13:59:07,1992.70,2,M
13:59:06,1992.60,2,B
13:59:05,1992.60,1,B
13:59:04,1992.60,1,B
13:59:04,1992.60,1,B
13:59:04,1992.60,1,B
13:59:03,1993.00,1,B
13:59:03,1993.00,1,B
13:59:03,1993.00,2,B
13:59:03,1993.00,1,B
13:59:03,1993.00,3,B
13:59:02,1993.20,2,M
13:59:02,1993.00,3,B
13:59:02,1993.00,4,B
13:59:02,1993.10,3,B
13:59:02,1993.10,11,B
13:59:01,1993.20,1,M
13:59:00,1993.20,1,M
13:58:59,1993.20,1,M
13:58:56,1993.20,1,M
13:58:56,1993.10,1,M
13:58:55,1993.10,1,M
13:58:54,1993.10,1,M
13:58:54,1993.10,3,B
13:58:54,1993.20,9,B
13:58:54,1993.10,1,B
13:58:53,1993.10,1,B
13:58:53,1993.30,1,M
13:58:52,1993.30,2,M
13:58:52,1993.20,1,M
13:58:48,1993.30,10,M
13:58:47,1993.00,1,B
13:58:46,1993.00,1,B
13:58:45,1993.20,3,M
13:58:45,1993.20,1,M
13:58:45,1993.20,1,M
13:58:45,1993.10,1,B
13:58:44,1993.20,1,M
13:58:44,1993.20,1,M
13:58:44,1993.30,1,B
13:58:44,1993.30,6,B
13:58:44,1993.30,20,B
13:58:42,1993.40,1,B
13:58:42,1993.50,1,M
13:58:42,1993.50,2,M
13:58:42,1993.30,1,B
13:58:42,1993.40,1,M
13:58:41,1993.40,2,M
13:58:41,1993.40,7,M
13:58:41,1993.40,1,M
13:58:41,1993.30,5,B
13:58:41,1993.30,1,B
13:58:41,1993.40,1,M
13:58:41,1993.40,20,M
13:58:41,1993.40,1,M
13:58:40,1993.40,7,M
13:58:40,1993.30,9,B
13:58:40,1993.40,2,B
13:58:40,1993.50,4,M
13:58:40,1993.50,13,M
13:58:40,1993.50,1,M
13:58:39,1993.40,1,B
13:58:39,1993.50,5,M
13:58:39,1993.50,1,M
13:58:39,1993.50,2,M
13:58:39,1993.40,1,B
13:58:39,1993.40,1,B
13:58:38,1993.50,1,M
13:58:38,1993.50,1,M
13:58:38,1993.50,11,M
13:58:38,1993.30,4,B
13:58:38,1993.30,1,B
13:58:38,1993.50,9,M
13:58:38,1993.50,2,M
13:58:38,1993.40,2,M
13:58:38,1993.40,3,M
13:58:38,1993.40,2,M
13:58:38,1993.40,1,M
13:58:38,1993.40,1,M
13:58:38,1993.40,1,M
13:58:38,1993.40,1,M
13:58:38,1993.30,1,M
13:58:38,1993.30,5,M
13:58:38,1993.10,1,M
13:58:38,1993.10,2,M
13:58:38,1993.10,4,M
13:58:38,1993.10,2,M
13:58:38,1993.10,2,M
13:58:38,1993.10,1,M
13:58:38,1993.10,3,M
13:58:37,1993.00,2,B
13:58:37,1993.00,2,M
13:58:37,1993.00,2,M
13:58:37,1993.00,3,M
13:58:37,1993.00,1,M
13:58:37,1993.00,4,M
13:58:37,1993.00,1,M
13:58:37,1992.90,1,B
13:58:37,1993.00,1,M
13:58:36,1993.00,4,M
13:58:36,1993.00,1,M
13:58:36,1993.00,1,M
13:58:34,1993.00,4,M
13:58:34,1992.90,1,M
13:58:34,1992.90,1,M
13:58:34,1992.90,1,M
13:58:33,1992.90,1,M
13:58:33,1992.80,1,M
13:58:31,1992.60,2,M
13:58:31,1992.70,2,M
13:58:31,1992.70,3,M
13:58:31,1992.60,6,M
13:58:26,1992.60,2,M
13:58:26,1992.60,2,M
13:58:25,1992.70,1,M
13:58:23,1992.50,1,B
13:58:21,1992.70,1,M
13:58:21,1992.50,1,B
13:58:20,1992.50,1,B
13:58:20,1992.60,1,B
13:58:18,1993.00,1,M
13:58:17,1992.60,1,B
13:58:16,1993.00,1,M
13:58:16,1993.00,1,M
13:58:14,1993.00,5,M
13:58:14,1993.00,1,M
13:58:14,1993.00,4,M
13:58:14,1993.00,1,M
13:58:14,1993.00,1,M
13:58:12,1992.50,1,B
13:58:12,1992.50,1,B
13:58:12,1992.70,8,B
13:58:12,1993.00,2,M
13:58:12,1993.00,1,M
13:58:12,1993.00,1,M
13:58:12,1993.00,1,M
13:58:12,1993.00,1,M
13:58:12,1993.00,1,M
13:58:12,1993.00,1,M
13:58:12,1992.90,1,M
13:58:12,1992.90,1,M
13:58:12,1992.90,1,M
13:58:11,1992.90,4,M
13:58:11,1992.90,9,M
13:58:11,1992.90,16,M
13:58:11,1992.70,1,B
13:58:11,1992.90,30,M
13:58:10,1992.90,2,M
13:58:10,1992.90,18,M
13:58:10,1992.80,1,M
13:58:10,1992.80,1,M
13:58:10,1992.80,3,M
13:58:10,1992.80,1,M
13:58:10,1992.80,2,M
13:58:10,1992.80,5,M
13:58:10,1992.80,1,M
13:58:10,1992.80,2,M
13:58:10,1992.80,2,M
13:58:10,1992.70,1,M
13:58:10,1992.70,1,M
13:58:10,1992.70,1,M
13:58:10,1992.60,1,M
13:58:10,1992.30,1,B
13:58:10,1992.30,1,B
13:58:08,1992.80,1,M
13:58:08,1992.70,1,M
13:58:07,1992.70,5,M
13:58:07,1992.70,2,M
13:58:07,1992.70,1,M
13:58:07,1992.60,1,M
13:58:07,1992.50,1,M
13:58:07,1992.40,1,M
13:58:07,1992.40,1,M
13:58:07,1992.40,1,M
13:58:07,1992.40,1,M
13:58:07,1992.40,1,M
13:58:03,1992.40,1,M
13:58:00,1992.20,1,B
13:57:58,1992.20,2,B
13:57:58,1992.20,1,B
13:57:58,1992.20,7,B
13:57:57,1992.20,1,M
13:57:57,1992.20,4,M
13:57:57,1992.20,5,M
13:57:57,1992.20,1,M
13:57:57,1992.20,6,M
13:57:55,1992.20,1,M
13:57:55,1991.90,1,B
13:57:55,1992.00,1,B
13:57:53,1992.00,2,B
13:57:53,1992.00,1,B
13:57:52,1992.00,10,B
13:57:51,1992.00,3,B
13:57:50,1992.00,1,B
13:57:50,1992.00,3,B
13:57:50,1992.00,5,B
13:57:49,1992.00,1,B
13:57:49,1992.00,1,B
13:57:49,1992.00,5,B
13:57:49,1992.00,1,B
13:57:49,1992.00,12,B
13:57:49,1992.00,1,B
13:57:49,1992.00,1,B
13:57:49,1992.10,19,B
13:57:49,1992.10,4,B
13:57:49,1992.10,15,B
13:57:49,1992.10,2,B
13:57:49,1992.10,8,B
13:57:47,1992.20,2,M
13:57:47,1992.10,1,B
13:57:46,1992.20,6,B
13:57:46,1992.20,3,B
13:57:46,1992.20,2,B
13:57:46,1992.20,1,B
13:57:46,1992.30,1,B
13:57:44,1992.20,1,B
13:57:44,1992.60,1,M
13:57:44,1992.40,2,M
13:57:44,1992.40,2,M
13:57:43,1992.20,1,B
13:57:42,1992.20,2,B
13:57:41,1992.20,5,B
13:57:39,1992.20,2,B
13:57:39,1992.20,8,M
13:57:39,1992.10,1,B
13:57:38,1992.00,1,B
13:57:38,1992.00,4,B
13:57:38,1992.10,1,B
13:57:38,1992.30,8,B
13:57:37,1992.30,1,B
13:57:36,1992.30,1,M
13:57:36,1992.30,9,M
13:57:36,1992.20,1,M
13:57:36,1992.00,1,B
13:57:35,1992.00,13,B
13:57:35,1992.00,9,B
13:57:35,1992.00,8,B
13:57:35,1992.00,30,B
13:57:35,1992.00,13,B
13:57:35,1992.00,2,B
13:57:35,1992.00,14,B
13:57:35,1992.10,1,B
13:57:34,1992.10,1,B
13:57:33,1992.20,1,M
13:57:33,1992.00,3,B
13:57:33,1992.00,5,B
13:57:33,1992.00,2,B
13:57:33,1992.00,1,B
13:57:33,1992.00,1,B
13:57:33,1992.00,1,B
13:57:33,1992.00,17,B
13:57:33,1992.10,1,B
13:57:33,1992.10,1,B
13:57:32,1992.10,1,B
13:57:32,1992.10,1,B
13:57:31,1992.10,2,B
13:57:31,1992.10,1,B
13:57:31,1992.10,1,B
13:57:31,1992.10,1,B
13:57:31,1992.10,1,B
13:57:31,1992.20,1,B
13:57:31,1992.20,2,B
13:57:31,1992.20,1,B
13:57:29,1992.20,1,B
13:57:27,1992.30,1,B
13:57:26,1992.40,17,M
13:57:26,1992.30,1,B
13:57:25,1992.50,3,B
13:57:25,1992.50,3,B
13:57:25,1992.50,11,B
13:57:25,1992.50,11,B
13:57:25,1992.50,2,B
13:57:21,1992.50,2,M
13:57:21,1992.40,1,B
13:57:21,1992.40,1,B
13:57:18,1992.50,8,M
13:57:18,1992.50,2,M
13:57:16,1992.40,1,B
13:57:16,1992.40,1,B
13:57:16,1992.40,1,B
13:57:14,1992.40,1,B
13:57:13,1992.60,1,M
13:57:12,1992.70,1,M
13:57:12,1992.70,1,M
13:57:12,1992.70,1,M
13:57:12,1992.60,1,M
13:57:11,1992.60,1,M
13:57:10,1992.20,2,B
13:57:10,1992.20,1,B
13:57:10,1992.50,2,B
13:57:10,1992.60,6,M
13:57:09,1992.60,1,B
13:57:09,1992.60,10,B
13:57:09,1992.60,1,B
13:57:09,1992.60,2,B
13:57:09,1992.90,3,M
13:57:09,1992.90,1,M
13:57:09,1992.90,1,M
13:57:08,1992.60,4,B
13:57:08,1992.80,4,B
13:57:08,1992.80,1,B
13:57:03,1992.60,1,B
13:57:03,1992.90,13,M
13:57:03,1992.80,1,M
13:57:03,1992.80,1,M
13:57:03,1992.80,1,M
13:57:03,1992.80,4,M
13:57:01,1992.60,1,B
13:57:00,1992.80,1,M
13:56:59,1992.80,1,M
13:56:59,1992.80,1,M
13:56:58,1992.80,1,M
13:56:58,1992.70,1,B
13:56:58,1992.80,2,M
13:56:57,1992.90,16,M
13:56:57,1992.80,4,M
13:56:56,1992.90,1,M
13:56:56,1992.80,10,M
13:56:53,1992.80,1,M
13:56:53,1992.80,1,M
13:56:52,1992.60,1,B
13:56:51,1992.80,10,M
13:56:51,1992.80,1,M
13:56:51,1992.80,2,M
13:56:51,1992.80,1,M
13:56:51,1992.80,1,M
13:56:51,1992.80,1,M
13:56:49,1992.80,2,M
13:56:48,1992.60,4,B
13:56:48,1992.70,1,B
13:56:48,1992.80,1,M
13:56:47,1992.80,6,M
13:56:46,1992.70,4,M
13:56:46,1992.60,1,M
13:56:46,1992.70,6,M
13:56:46,1992.70,1,M
13:56:46,1992.70,7,M
13:56:46,1992.60,1,M
13:56:46,1992.60,1,M
13:56:46,1992.50,1,M
13:56:46,1992.50,10,M
13:56:46,1992.50,3,M
13:56:45,1992.50,5,M
13:56:45,1992.50,12,M
13:56:45,1992.40,13,M
13:56:44,1992.20,1,B
13:56:42,1992.10,1,B
13:56:42,1992.10,1,B
13:56:39,1992.10,2,B
13:56:39,1992.10,1,B
13:56:39,1992.10,1,B
13:56:39,1992.10,4,B
13:56:39,1992.10,1,B
13:56:39,1992.10,1,B
13:56:39,1992.10,2,B
13:56:39,1992.20,1,B
13:56:39,1992.20,3,B
13:56:39,1992.40,2,M
13:56:35,1992.40,4,M
13:56:31,1992.40,1,M
13:56:30,1992.40,1,M
13:56:30,1992.40,2,M
13:56:29,1992.40,1,M
13:56:29,1992.20,1,B
13:56:27,1992.40,4,M
13:56:25,1992.20,1,B
13:56:19,1992.20,1,B
13:56:19,1992.20,1,B
13:56:19,1992.20,1,B
13:56:19,1992.40,1,M
13:56:18,1992.40,1,M
13:56:16,1992.40,1,M
13:56:14,1992.50,1,M
13:56:13,1992.20,1,B
13:56:13,1992.20,1,B
13:56:13,1992.20,1,B
13:56:13,1992.30,1,B
13:56:13,1992.30,1,B
13:56:13,1992.50,2,M
13:56:13,1992.40,1,B
13:56:13,1992.40,1,B
13:56:12,1992.50,5,B
13:56:11,1992.70,3,M
13:56:11,1992.60,1,M
13:56:10,1992.70,1,M
13:56:10,1992.70,2,M
13:56:10,1992.70,1,M
13:56:10,1992.70,2,M
13:56:10,1992.70,1,M
13:56:10,1992.60,1,M
13:56:10,1992.60,1,M
13:56:10,1992.50,2,M
13:56:10,1992.50,1,M
13:56:10,1992.50,1,M
13:56:10,1992.50,1,M
13:56:10,1992.50,1,M
13:56:10,1992.50,2,M
13:56:10,1992.20,13,M
13:56:09,1992.20,7,M
13:56:09,1992.20,1,M
13:56:09,1992.10,1,M
13:56:09,1992.10,1,M
13:56:09,1992.10,1,M
13:56:09,1992.10,1,M
13:56:07,1992.10,1,M
13:56:06,1992.00,2,B
13:56:05,1992.00,1,B
13:56:05,1992.00,1,B
13:56:04,1992.10,2,M
13:56:02,1992.10,1,M
13:56:02,1992.10,1,M
13:56:01,1992.10,2,M
13:56:00,1992.10,1,M
13:55:59,1992.10,1,M
13:55:57,1992.10,1,B
13:55:57,1992.10,1,B
13:55:57,1992.10,1,B
13:55:57,1992.10,3,B
13:55:57,1992.10,1,B
13:55:57,1992.10,3,B
13:55:54,1992.20,5,B
13:55:53,1992.30,4,M
13:55:52,1992.20,1,B
13:55:50,1992.10,1,B
13:55:49,1992.20,1,M
13:55:49,1992.20,1,M
13:55:49,1992.20,1,M
13:55:49,1992.20,1,M
13:55:49,1992.10,1,M
13:55:49,1992.00,5,B
13:55:48,1992.10,10,M
13:55:48,1992.10,3,M
13:55:48,1992.10,2,M
13:55:48,1992.00,1,M
13:55:48,1992.00,19,M
13:55:48,1991.80,1,B
13:55:47,1992.00,1,M
13:55:47,1992.00,1,M
13:55:46,1991.80,1,B
13:55:46,1991.80,1,B
13:55:46,1992.00,2,M
13:55:46,1992.00,30,M
13:55:46,1991.80,1,B
13:55:45,1992.00,5,M
13:55:45,1992.00,5,M
13:55:45,1992.00,2,M
13:55:45,1992.00,1,M
13:55:44,1992.00,2,M
13:55:42,1992.00,1,M
13:55:42,1991.90,1,B
13:55:42,1991.90,1,B
13:55:42,1991.90,3,B
13:55:42,1991.90,2,B
13:55:41,1992.00,30,M
13:55:40,1992.00,1,M
13:55:37,1992.10,1,M
13:55:37,1992.00,1,B
13:55:36,1992.00,1,M
13:55:36,1992.00,2,B
13:55:36,1992.00,4,B
13:55:35,1992.00,2,B
13:55:35,1992.10,1,B
13:55:35,1992.10,1,B
13:55:34,1992.10,1,B
13:55:32,1992.00,8,B
13:55:32,1992.00,1,B
13:55:32,1992.00,1,B
13:55:31,1992.10,1,B
13:55:31,1992.10,4,B
13:55:30,1992.10,1,B
13:55:29,1992.20,1,M
13:55:28,1992.10,1,B
13:55:27,1992.20,1,M
13:55:27,1992.10,1,M
13:55:27,1992.10,2,M
13:55:26,1992.10,2,M
13:55:26,1992.10,1,M
13:55:26,1992.10,1,M
13:55:26,1992.10,1,M
13:55:26,1992.00,2,M
13:55:25,1991.70,2,B
13:55:25,1991.70,1,B
13:55:24,1991.70,1,B
13:55:24,1991.70,2,B
13:55:24,1991.80,1,B
13:55:23,1991.70,1,B
