Time,Price,Volume,Side
11:04:36,1766.00,6,M
11:04:31,1766.00,1,M
11:04:28,1766.00,5,M
11:04:23,1766.00,2,M
11:04:21,1766.00,3,M
11:04:15,1766.00,4,M
11:04:13,1766.00,3,M
11:04:13,1766.00,1,M
11:04:13,1766.00,1,M
11:04:09,1766.00,1,M
11:04:06,1766.00,1,M
11:04:04,1766.00,1,M
11:04:04,1766.00,1,M
11:04:03,1766.00,1,M
11:04:03,1766.00,1,M
11:04:02,1766.00,5,M
11:03:59,1766.00,1,M
11:03:59,1766.00,2,M
11:03:58,1766.00,2,M
11:03:57,1766.00,1,M
11:03:57,1766.00,1,M
11:03:55,1766.00,1,M
11:03:52,1766.00,3,M
11:03:51,1766.00,1,M
11:03:50,1766.00,1,M
11:03:50,1766.00,1,M
11:03:46,1766.00,1,M
11:03:46,1766.00,2,M
11:03:44,1766.00,4,M
11:03:44,1766.00,2,M
11:03:44,1766.00,1,M
11:03:44,1766.00,4,M
11:03:44,1766.00,1,M
11:03:43,1766.00,4,M
11:03:42,1766.00,1,M
11:03:42,1766.00,1,M
11:03:42,1766.00,1,M
11:03:41,1766.00,4,M
11:03:41,1766.00,10,M
11:03:40,1766.00,5,M
11:03:40,1766.00,2,M
11:03:40,1766.00,2,M
11:03:38,1766.00,2,B
11:03:38,1766.00,1,B
11:03:38,1766.00,1,B
11:03:38,1766.00,1,B
11:03:38,1766.00,2,B
11:03:38,1766.00,3,B
11:03:38,1766.00,6,B
11:03:38,1766.00,4,B
11:03:38,1766.00,100,B
11:03:38,1766.00,1,B
11:03:38,1766.00,1,B
11:03:38,1766.00,7,B
11:03:38,1766.00,1,B
11:03:38,1766.00,2,B
11:03:38,1766.00,3,B
11:03:38,1766.00,3,B
11:03:38,1766.00,5,B
11:03:38,1766.00,1,B
11:03:38,1766.00,3,B
11:03:38,1766.00,5,B
11:03:38,1766.00,7,B
11:03:38,1766.00,4,B
11:03:38,1766.00,4,B
11:03:38,1766.00,4,B
11:03:38,1766.00,1,B
11:03:38,1766.00,4,B
11:03:38,1766.00,1,B
11:03:38,1766.00,3,B
11:03:38,1766.00,3,B
11:03:38,1766.00,4,B
11:03:38,1766.00,6,B
11:03:38,1766.00,8,B
11:03:38,1766.00,4,B
11:03:38,1766.00,4,B
11:03:38,1766.00,4,B
11:03:38,1766.00,1,B
11:03:38,1766.00,4,B
11:03:38,1766.00,1,B
11:03:38,1766.00,1,B
11:03:38,1766.00,2,B
11:03:38,1766.00,1,B
11:03:38,1766.00,1,B
11:03:38,1766.00,1,B
11:03:38,1766.00,1,B
11:03:38,1766.00,5,B
11:03:38,1766.00,1,B
11:03:38,1766.00,5,B
11:03:38,1766.00,1,B
11:03:38,1766.00,1,B
11:03:38,1766.00,1,B
11:03:38,1766.00,3,B
11:03:38,1766.00,13,B
11:03:38,1766.00,8,B
11:03:38,1766.00,6,B
11:03:38,1766.00,1,B
11:03:38,1766.00,1,B
11:03:38,1766.00,5,B
11:03:38,1766.00,1,B
11:03:38,1766.00,1,B
11:03:38,1766.00,12,B
11:03:38,1766.00,1,B
11:03:38,1766.00,1,B
11:03:38,1766.00,1,B
11:03:38,1766.00,1,B
11:03:38,1766.00,1,B
11:03:37,1766.00,1,B
11:03:37,1766.00,5,B
11:03:37,1766.00,2,B
11:03:37,1766.00,1,B
11:03:37,1766.00,1,B
11:03:37,1766.00,6,B
11:03:37,1766.00,1,B
11:03:37,1766.00,1,B
11:03:37,1766.00,20,B
11:03:37,1766.00,1,B
11:03:37,1766.00,11,B
11:03:37,1766.00,3,B
11:03:37,1766.00,1,B
11:03:37,1766.00,1,B
11:03:37,1766.00,1,B
11:03:37,1766.00,44,B
11:03:37,1766.00,6,B
11:03:37,1766.00,1,B
11:03:37,1766.00,1,B
11:03:37,1766.00,1,B
11:03:37,1766.00,1,B
11:03:37,1766.00,2,B
11:03:37,1766.00,1,B
11:03:37,1766.00,1,B
11:03:37,1766.00,3,B
11:03:37,1766.00,1,B
11:03:37,1766.00,1,B
11:03:37,1766.00,4,B
11:03:37,1766.00,4,B
11:03:37,1766.00,2,B
11:03:37,1766.00,1,B
11:03:37,1766.00,1,B
11:03:37,1766.00,1,B
11:03:37,1766.00,1,B
11:03:37,1766.00,1,B
11:03:37,1766.00,20,B
11:03:37,1766.00,3,B
11:03:37,1766.00,5,B
11:03:37,1766.00,1,B
11:03:37,1766.00,1,B
11:03:37,1766.00,1,B
11:03:36,1766.10,1,M
11:03:36,1766.00,4,B
11:03:36,1766.00,1,B
11:03:36,1766.00,1,B
11:03:36,1766.00,15,B
11:03:36,1766.00,1,B
11:03:36,1766.00,4,B
11:03:36,1766.00,1,B
11:03:36,1766.00,1,B
11:03:36,1766.00,3,B
11:03:36,1766.00,10,B
11:03:36,1766.00,1,B
11:03:36,1766.00,1,B
11:03:36,1766.00,1,B
11:03:36,1766.00,2,B
11:03:36,1766.00,1,B
11:03:36,1766.00,3,B
11:03:36,1766.00,1,B
11:03:36,1766.00,1,B
11:03:36,1766.00,3,B
11:03:36,1766.00,2,B
11:03:36,1766.00,3,B
11:03:35,1766.00,1,B
11:03:35,1766.00,1,B
11:03:35,1766.00,1,B
11:03:35,1766.00,2,B
11:03:35,1766.00,2,B
11:03:34,1766.00,1,B
11:03:34,1766.00,1,B
11:03:34,1766.00,7,B
11:03:34,1766.00,1,B
11:03:33,1766.00,13,B
11:03:33,1766.00,1,B
11:03:33,1766.00,1,B
11:03:33,1766.00,1,B
11:03:33,1766.00,1,B
11:03:33,1766.00,2,B
11:03:33,1766.00,1,B
11:03:33,1766.00,1,B
11:03:33,1766.00,1,B
11:03:33,1766.00,1,B
11:03:33,1766.00,1,B
11:03:33,1766.00,5,B
11:03:33,1766.00,1,B
11:03:33,1766.00,1,B
11:03:33,1766.00,1,B
11:03:33,1766.00,1,B
11:03:33,1766.00,1,B
11:03:33,1766.00,2,B
11:03:33,1766.00,1,B
11:03:33,1766.00,6,B
11:03:33,1766.00,14,B
11:03:33,1766.00,1,B
11:03:33,1766.00,1,B
11:03:33,1766.00,4,B
11:03:33,1766.00,1,B
11:03:32,1766.00,19,B
11:03:32,1766.20,1,B
11:03:32,1766.00,3,B
11:03:32,1766.00,1,B
11:03:32,1766.00,1,B
11:03:32,1766.00,1,B
11:03:32,1766.00,2,B
11:03:32,1766.00,3,B
11:03:32,1766.00,13,B
11:03:32,1766.00,4,B
11:03:32,1766.00,20,B
11:03:32,1766.00,1,B
11:03:32,1766.30,2,M
11:03:32,1766.00,1,B
11:03:31,1766.00,3,B
11:03:31,1766.00,1,B
11:03:31,1766.00,7,B
11:03:31,1766.00,2,B
11:03:31,1766.00,1,B
11:03:31,1766.00,3,B
11:03:31,1766.00,2,B
11:03:31,1766.00,1,B
11:03:31,1766.00,5,B
11:03:30,1766.00,1,B
11:03:30,1766.00,3,B
11:03:30,1766.00,3,B
11:03:30,1766.00,5,B
11:03:30,1766.00,1,B
11:03:30,1766.00,1,B
11:03:30,1766.00,1,B
11:03:30,1766.00,1,B
11:03:30,1766.10,4,B
11:03:30,1766.10,1,B
11:03:29,1766.10,1,B
11:03:29,1766.10,1,M
11:03:29,1766.10,1,M
11:03:29,1766.10,1,M
11:03:29,1766.00,1,B
11:03:29,1766.00,1,B
11:03:29,1766.00,3,B
11:03:29,1766.00,1,B
11:03:29,1766.00,1,B
11:03:29,1766.00,1,B
11:03:29,1766.00,2,B
11:03:29,1766.00,1,B
11:03:29,1766.00,4,B
11:03:29,1766.00,3,B
11:03:29,1766.00,2,B
11:03:29,1766.00,10,B
11:03:29,1766.00,1,B
11:03:29,1766.00,1,B
11:03:29,1766.00,1,B
11:03:29,1766.00,1,B
11:03:29,1766.00,2,B
11:03:29,1766.00,6,B
11:03:29,1766.00,1,B
11:03:29,1766.00,15,B
11:03:29,1766.00,2,B
11:03:29,1766.00,1,B
11:03:29,1766.00,3,B
11:03:29,1766.00,1,B
11:03:29,1766.00,1,B
11:03:29,1766.00,5,B
11:03:29,1766.70,2,M
11:03:29,1766.70,3,M
11:03:29,1766.70,2,M
11:03:29,1766.60,5,M
11:03:29,1766.50,4,M
11:03:29,1766.40,2,M
11:03:29,1766.10,5,M
11:03:29,1766.10,1,M
11:03:29,1766.10,40,M
11:03:29,1766.10,1,M
11:03:29,1766.10,1,M
11:03:29,1766.00,1,B
11:03:29,1766.00,2,B
11:03:28,1766.10,1,M
11:03:28,1766.10,1,M
11:03:28,1766.00,1,B
11:03:28,1766.00,4,B
11:03:28,1766.00,1,B
11:03:28,1766.00,2,B
11:03:28,1766.00,34,B
11:03:28,1766.00,2,B
11:03:28,1766.00,9,B
11:03:28,1766.00,1,B
11:03:28,1766.00,1,B
11:03:28,1766.00,1,B
11:03:28,1766.00,2,B
11:03:28,1766.00,1,B
11:03:28,1766.00,1,B
11:03:28,1766.00,1,B
11:03:28,1766.00,2,B
11:03:28,1766.00,1,B
11:03:28,1766.00,3,B
11:03:28,1766.00,1,B
11:03:28,1766.00,1,B
11:03:28,1766.00,2,B
11:03:28,1766.00,1,B
11:03:28,1766.00,1,B
11:03:28,1766.00,1,B
11:03:28,1766.00,5,B
11:03:28,1766.00,1,B
11:03:28,1766.00,3,B
11:03:28,1766.00,2,B
11:03:28,1766.10,1,B
11:03:28,1766.10,1,B
11:03:28,1766.10,5,B
11:03:28,1766.10,9,B
11:03:28,1766.10,1,B
11:03:28,1766.10,4,B
11:03:28,1766.10,10,B
11:03:28,1766.10,3,B
11:03:28,1766.10,1,B
11:03:28,1766.10,4,B
11:03:28,1766.10,1,B
11:03:28,1766.10,4,B
11:03:28,1766.10,4,B
11:03:28,1766.10,5,B
11:03:28,1766.10,2,B
11:03:28,1766.10,2,B
11:03:28,1766.10,17,B
11:03:28,1766.10,1,B
11:03:28,1766.10,1,B
11:03:28,1766.10,3,B
11:03:28,1766.10,3,B
11:03:28,1766.10,1,B
11:03:28,1766.10,1,B
11:03:28,1766.10,2,B
11:03:28,1766.10,1,B
11:03:28,1766.10,1,B
11:03:28,1766.10,2,B
11:03:28,1766.10,2,B
11:03:28,1766.10,1,B
11:03:28,1766.20,1,B
11:03:28,1766.20,1,B
11:03:28,1766.20,1,B
11:03:28,1766.20,2,B
11:03:28,1766.20,2,B
11:03:28,1766.20,3,B
11:03:28,1766.20,1,B
11:03:28,1766.20,10,B
11:03:28,1766.20,4,B
11:03:28,1766.20,1,B
11:03:28,1766.20,2,B
11:03:28,1766.30,1,B
11:03:28,1766.30,9,B
11:03:28,1766.40,2,B
11:03:27,1766.60,1,M
11:03:25,1766.40,1,M
11:03:24,1766.30,1,B
11:03:22,1766.30,2,B
11:03:20,1766.20,1,B
11:03:19,1766.40,1,M
11:03:18,1766.20,1,B
11:03:18,1766.20,4,B
11:03:18,1766.20,1,B
11:03:18,1766.20,5,B
11:03:18,1766.20,1,B
11:03:17,1766.20,1,B
11:03:17,1766.20,6,B
11:03:17,1766.20,5,B
11:03:17,1766.20,2,B
11:03:17,1766.20,2,B
11:03:17,1766.20,1,B
11:03:17,1766.20,1,B
11:03:17,1766.20,1,B
11:03:15,1766.20,1,B
11:03:15,1766.40,1,B
11:03:15,1766.40,1,M
11:03:14,1766.20,1,B
11:03:14,1766.20,5,B
11:03:14,1766.20,1,B
11:03:13,1766.20,12,B
11:03:13,1766.20,2,B
11:03:13,1766.30,1,B
11:03:13,1766.30,3,B
11:03:13,1766.30,1,B
11:03:13,1766.30,2,B
11:03:13,1766.40,1,B
11:03:12,1766.70,5,M
11:03:12,1766.70,7,M
11:03:12,1766.60,2,M
11:03:11,1766.30,2,B
11:03:11,1766.30,2,B
11:03:11,1766.30,7,B
11:03:11,1766.30,4,B
11:03:11,1766.30,4,B
11:03:11,1766.30,1,B
11:03:11,1766.30,5,B
11:03:11,1766.30,1,B
11:03:11,1766.30,1,B
11:03:11,1766.30,1,B
11:03:11,1766.40,1,B
11:03:11,1766.40,1,B
11:03:11,1766.40,3,B
11:03:11,1766.40,1,B
11:03:11,1766.40,1,B
11:03:11,1766.40,3,B
11:03:11,1766.40,5,B
11:03:11,1766.50,1,B
11:03:11,1766.50,1,B
11:03:11,1766.50,3,B
11:03:11,1766.60,1,B
11:03:11,1766.60,1,B
11:03:10,1766.70,1,M
11:03:10,1766.70,1,M
11:03:08,1766.60,1,B
11:03:05,1766.60,3,M
11:03:04,1766.60,7,B
11:03:04,1766.60,1,B
11:03:02,1766.60,1,B
11:03:01,1766.60,1,M
11:02:56,1766.50,5,B
11:02:56,1766.60,1,B
11:02:52,1766.70,1,M
11:02:48,1766.40,1,B
11:02:46,1766.80,7,M
11:02:43,1766.80,4,M
11:02:41,1766.50,1,B
11:02:39,1766.50,1,B
11:02:39,1766.50,1,B
11:02:38,1766.50,1,B
11:02:37,1766.80,3,M
11:02:37,1766.60,3,B
11:02:37,1766.60,1,B
11:02:37,1766.60,1,B
11:02:37,1766.60,5,B
11:02:37,1766.60,2,B
11:02:37,1766.60,5,B
11:02:36,1766.70,1,B
11:02:36,1766.70,4,M
11:02:31,1766.70,1,M
11:02:29,1766.70,1,M
11:02:24,1766.70,3,M
11:02:20,1766.60,2,B
11:02:20,1766.80,1,M
11:02:12,1766.60,1,B
11:02:08,1766.50,1,M
11:02:08,1766.50,1,M
11:02:08,1766.50,1,M
11:02:08,1766.50,1,M
11:02:08,1766.50,24,M
11:02:08,1766.50,4,M
11:02:07,1766.50,1,M
11:02:06,1766.40,1,B
11:02:06,1766.40,1,B
11:02:03,1766.50,1,M
11:02:01,1766.50,1,M
11:02:00,1766.50,3,M
11:01:59,1766.50,1,B
11:01:59,1766.50,1,B
11:01:59,1766.50,4,B
11:01:59,1766.50,1,B
11:01:59,1766.50,10,B
11:01:59,1766.50,2,B
11:01:59,1766.50,1,B
11:01:59,1766.50,15,B
11:01:59,1766.50,1,B
11:01:59,1766.50,1,B
11:01:59,1766.50,4,B
11:01:59,1766.50,5,B
11:01:59,1766.50,4,B
11:01:59,1766.50,3,B
11:01:59,1766.50,5,B
11:01:59,1766.50,2,B
11:01:59,1766.60,1,B
11:01:59,1766.60,3,B
11:01:59,1766.70,2,B
11:01:59,1766.70,1,B
11:01:58,1766.80,1,M
11:01:56,1766.70,1,M
11:01:54,1766.70,1,M
11:01:49,1766.60,2,M
11:01:42,1766.60,2,B
11:01:40,1766.50,1,B
11:01:39,1766.80,2,M
11:01:39,1766.50,1,B
11:01:39,1766.60,1,B
11:01:35,1766.80,1,M
11:01:34,1766.60,4,B
11:01:34,1766.60,2,B
11:01:34,1766.60,3,B
11:01:29,1766.80,1,B
11:01:24,1766.60,2,B
11:01:24,1766.90,1,B
11:01:24,1766.90,1,B
11:01:22,1766.90,5,B
11:01:22,1766.90,7,M
11:01:20,1766.60,1,B
11:01:19,1766.60,1,B
11:01:19,1766.60,1,B
11:01:16,1766.90,5,M
11:01:16,1766.90,2,M
11:01:13,1766.90,3,M
11:01:13,1766.80,9,M
11:01:13,1766.80,1,M
11:01:11,1766.90,1,M
11:01:11,1766.50,1,B
11:01:11,1766.90,1,M
11:01:11,1766.90,1,M
11:01:11,1766.90,2,M
11:01:08,1766.90,1,M
11:01:07,1766.90,1,M
11:01:05,1766.50,1,B
11:01:03,1766.90,1,M
11:01:01,1766.50,1,B
11:01:01,1766.50,1,B
11:01:01,1766.50,3,B
11:01:01,1766.90,1,M
11:01:00,1766.50,1,B
11:00:56,1766.50,5,B
11:00:54,1766.80,2,B
11:00:53,1766.60,2,B
11:00:53,1766.60,1,B
11:00:48,1766.90,1,M
11:00:44,1766.90,2,M
11:00:43,1766.60,1,B
11:00:41,1766.90,1,M
11:00:39,1766.90,1,M
11:00:38,1766.90,2,M
11:00:37,1766.90,2,M
11:00:37,1766.90,1,M
11:00:35,1766.90,1,M
11:00:34,1766.50,1,B
11:00:33,1766.90,1,M
11:00:32,1766.60,4,B
11:00:32,1766.70,10,B
11:00:32,1766.80,3,B
11:00:32,1766.80,2,B
11:00:31,1767.00,2,M
11:00:31,1767.00,1,B
11:00:31,1767.00,1,B
11:00:31,1767.00,1,B
11:00:31,1767.00,3,B
11:00:27,1767.10,8,B
11:00:26,1767.10,2,B
11:00:25,1767.20,1,B
11:00:23,1767.30,1,B
11:00:22,1767.30,1,M
11:00:21,1767.30,1,B
11:00:20,1767.40,8,B
11:00:20,1767.40,1,B
11:00:20,1767.40,1,B
11:00:20,1767.40,3,B
11:00:18,1767.60,1,M
11:00:17,1767.50,1,M
11:00:16,1767.50,1,B
11:00:16,1767.60,1,M
11:00:16,1767.50,1,B
11:00:16,1767.50,2,B
11:00:16,1767.60,1,M
11:00:13,1767.90,4,M
11:00:13,1767.60,1,B
11:00:12,1767.80,1,M
11:00:10,1767.90,5,M
11:00:10,1767.90,4,M
11:00:10,1767.90,1,M
11:00:09,1767.90,3,M
11:00:08,1767.90,1,M
11:00:08,1767.90,1,M
11:00:07,1767.40,1,B
11:00:06,1767.50,1,B
11:00:06,1767.90,16,M
11:00:06,1767.90,1,M
11:00:05,1767.90,1,M
11:00:05,1767.90,1,M
11:00:05,1767.90,1,M
11:00:05,1767.90,8,M
11:00:05,1767.60,1,B
11:00:04,1768.00,3,M
11:00:04,1768.00,20,M
11:00:04,1768.00,1,M
11:00:04,1768.00,1,M
11:00:04,1768.00,1,M
11:00:04,1768.00,1,M
11:00:04,1768.00,1,M
11:00:04,1768.00,2,M
11:00:04,1767.90,3,M
11:00:03,1767.90,1,M
11:00:02,1768.00,1,M
11:00:02,1767.50,1,M
11:00:02,1768.00,1,M
11:00:02,1768.00,1,M
11:00:02,1767.90,2,M
11:00:02,1767.90,10,M
11:00:02,1767.90,1,M
11:00:02,1767.90,4,M
11:00:02,1767.90,1,M
11:00:02,1767.60,6,M
11:00:02,1767.50,1,M
11:00:02,1767.50,3,M
11:00:02,1767.60,1,M
11:00:02,1767.00,1,M
11:00:02,1767.00,8,M
11:00:02,1767.00,10,M
11:00:02,1767.00,2,M
11:00:02,1767.00,5,M
11:00:02,1767.00,1,M
11:00:02,1767.00,4,M
11:00:02,1767.00,196,M
11:00:02,1767.00,14,M
11:00:02,1767.00,5,M
11:00:02,1767.00,1,M
11:00:02,1767.00,2,M
11:00:02,1767.00,1,M
11:00:02,1767.00,1,M
11:00:02,1767.00,6,M
11:00:02,1767.00,1,M
11:00:01,1767.00,1,M
11:00:01,1766.90,1,M
11:00:01,1766.90,1,M
11:00:00,1766.90,9,M
11:00:00,1766.90,2,M
11:00:00,1766.90,1,M
11:00:00,1766.90,2,M
11:00:00,1766.80,1,M
11:00:00,1766.80,1,M
10:59:59,1766.80,1,M
10:59:58,1766.80,3,M
10:59:58,1766.80,10,M
10:59:58,1766.80,1,M
10:59:58,1766.70,30,M
10:59:55,1766.70,30,M
10:59:54,1766.60,1,M
10:59:51,1766.60,4,M
10:59:50,1766.60,1,M
10:59:50,1766.60,1,M
10:59:44,1766.60,1,M
10:59:35,1766.50,1,B
10:59:33,1766.50,2,B
10:59:33,1766.50,1,M
10:59:32,1766.50,1,B
10:59:32,1766.50,1,B
10:59:32,1766.50,1,B
10:59:29,1766.50,1,M
10:59:28,1766.30,6,B
10:59:28,1766.40,2,B
10:59:28,1766.40,11,B
10:59:28,1766.50,1,B
10:59:27,1766.80,1,M
10:59:26,1766.90,10,M
10:59:25,1766.80,1,M
10:59:22,1766.40,2,B
10:59:19,1766.80,1,M
10:59:17,1766.80,1,M
10:59:16,1766.40,2,B
10:59:16,1766.40,6,B
10:59:14,1766.80,1,M
10:59:14,1766.60,3,M
10:59:14,1766.50,2,B
10:59:14,1766.60,1,M
10:59:11,1766.80,3,M
10:59:11,1766.40,2,B
10:59:11,1766.40,1,B
10:59:08,1766.80,1,M
10:59:08,1766.80,1,M
10:59:04,1766.40,1,B
10:59:01,1766.80,1,M
10:59:01,1766.70,1,M
10:58:56,1766.30,1,B
10:58:56,1766.30,1,B
10:58:56,1766.30,6,B
10:58:56,1766.40,1,B
10:58:56,1766.40,2,B
10:58:56,1766.50,1,B
10:58:52,1766.40,1,B
10:58:44,1766.30,2,B
10:58:44,1766.90,1,M
10:58:44,1766.80,1,M
10:58:43,1766.80,1,M
10:58:43,1766.40,1,M
10:58:43,1766.30,1,B
10:58:43,1766.40,1,B
10:58:43,1766.40,1,B
10:58:42,1766.80,2,M
10:58:42,1766.80,1,M
10:58:40,1766.50,1,M
10:58:40,1766.50,1,M
10:58:39,1766.40,1,B
10:58:39,1766.40,5,B
10:58:39,1766.40,1,B
10:58:39,1766.40,1,B
10:58:39,1766.40,3,B
10:58:39,1766.40,3,B
10:58:39,1766.40,1,B
10:58:39,1766.40,4,B
10:58:37,1766.40,2,B
10:58:33,1766.80,1,M
10:58:31,1766.80,3,M
10:58:31,1766.80,1,M
10:58:31,1766.80,1,M
10:58:31,1766.40,1,B
10:58:30,1766.80,1,M
10:58:30,1766.70,1,M
10:58:26,1766.70,1,M
10:58:26,1766.50,1,M
10:58:21,1766.40,3,B
10:58:20,1766.40,2,B
10:58:18,1766.40,1,B
10:58:14,1766.80,1,M
10:58:13,1766.70,1,M
10:58:13,1766.50,1,M
10:58:13,1766.40,18,M
10:58:10,1766.40,1,M
10:58:09,1766.20,2,B
10:58:08,1766.20,1,B
10:58:07,1766.20,1,B
10:58:05,1766.20,2,B
10:58:04,1766.40,1,B
10:58:03,1766.80,6,M
10:58:02,1766.70,1,M
10:58:01,1766.70,1,M
10:58:00,1766.20,1,B
10:58:00,1766.20,1,B
10:57:59,1766.20,2,B
10:57:59,1766.70,1,M
10:57:58,1766.20,2,B
10:57:58,1766.70,1,M
10:57:57,1766.20,1,B
10:57:57,1766.30,1,B
10:57:57,1766.30,1,B
10:57:57,1766.30,2,B
10:57:56,1766.20,1,B
10:57:56,1766.10,1,B
10:57:56,1766.10,1,B
10:57:56,1766.10,3,B
10:57:56,1766.10,1,B
10:57:56,1766.10,1,B
10:57:56,1766.10,1,B
10:57:56,1766.10,5,B
10:57:56,1766.10,5,B
10:57:56,1766.10,1,B
10:57:56,1766.10,5,B
10:57:56,1766.10,5,B
10:57:56,1766.10,1,B
10:57:56,1766.10,10,B
10:57:56,1766.10,1,B
10:57:56,1766.10,1,B
10:57:56,1766.10,1,B
10:57:56,1766.10,1,B
10:57:56,1766.10,1,B
10:57:56,1766.20,3,B
10:57:56,1766.20,1,B
10:57:56,1766.20,2,B
10:57:56,1766.20,1,B
10:57:56,1766.20,3,B
10:57:56,1766.30,1,B
10:57:56,1766.30,3,B
10:57:56,1766.40,1,B
10:57:55,1766.80,1,M
10:57:55,1766.40,2,B
10:57:54,1766.80,1,B
10:57:49,1766.90,1,M
10:57:49,1766.80,3,M
10:57:49,1766.90,1,M
10:57:49,1766.80,1,M
10:57:49,1766.80,1,M
10:57:49,1766.80,1,M
10:57:49,1766.40,1,M
10:57:49,1766.30,1,M
10:57:49,1766.30,1,M
10:57:48,1766.30,2,M
10:57:47,1766.30,1,M
10:57:46,1766.30,3,M
10:57:46,1766.30,1,B
10:57:46,1766.30,3,B
10:57:46,1766.30,1,B
10:57:44,1766.80,1,M
10:57:39,1766.80,2,M
10:57:39,1766.40,1,M
10:57:39,1766.40,1,M
10:57:38,1766.30,1,B
10:57:36,1766.30,1,B
10:57:36,1766.30,1,B
10:57:35,1766.30,2,M
10:57:35,1766.20,2,B
10:57:35,1766.20,1,B
10:57:35,1766.20,1,B
10:57:35,1766.20,1,B
10:57:34,1766.40,1,M
10:57:32,1766.30,1,B
10:57:32,1766.40,2,B
10:57:31,1766.90,2,M
10:57:30,1766.80,1,M
10:57:29,1766.90,1,M
10:57:29,1766.80,1,M
10:57:28,1766.40,2,B
10:57:28,1766.50,1,B
10:57:27,1766.90,3,M
10:57:27,1767.00,10,M
10:57:26,1766.90,1,M
10:57:26,1766.40,1,B
10:57:26,1766.40,1,B
10:57:26,1766.90,1,B
10:57:26,1767.00,1,M
10:57:26,1766.90,1,B
10:57:23,1767.00,1,M
10:57:22,1767.00,1,M
10:57:21,1767.00,1,M
10:57:21,1767.00,2,M
10:57:18,1767.00,15,M
10:57:18,1766.90,1,B
10:57:16,1767.00,1,M
10:57:15,1767.00,1,M
10:57:15,1767.00,1,M
10:57:14,1766.70,4,B
10:57:14,1766.80,1,B
10:57:14,1767.00,1,M
10:57:13,1767.00,7,M
10:57:11,1767.00,1,M
10:57:11,1767.00,1,M
10:57:11,1766.70,1,B
10:57:10,1767.00,15,M
10:57:10,1766.90,1,M
10:57:10,1766.90,1,M
10:57:10,1766.80,1,M
10:57:08,1766.90,1,M
10:57:08,1766.80,1,M
10:57:08,1766.80,6,M
10:57:06,1766.80,1,M
10:57:06,1766.80,1,M
10:57:05,1766.80,1,M
10:57:03,1766.80,1,M
10:57:03,1766.80,1,M
10:57:03,1766.80,1,M
10:57:02,1766.70,1,B
10:57:01,1766.80,2,B
10:57:01,1766.70,3,B
10:57:01,1766.70,1,M
10:57:01,1766.60,1,M
10:57:00,1766.60,1,B
10:57:00,1766.70,1,B
10:57:00,1766.80,1,M
10:56:59,1766.80,1,M
10:56:59,1766.80,1,M
10:56:59,1766.80,2,M
10:56:59,1766.70,1,M
10:56:58,1766.80,1,M
10:56:56,1766.80,2,M
10:56:56,1766.80,1,M
10:56:56,1766.80,1,M
10:56:54,1766.70,1,M
10:56:54,1766.70,1,M
10:56:52,1766.80,1,M
10:56:52,1766.70,4,M
10:56:50,1766.20,1,B
10:56:50,1766.20,1,B
10:56:50,1766.60,1,M
10:56:50,1766.60,1,M
10:56:49,1766.80,2,M
10:56:49,1766.70,1,M
10:56:48,1766.10,4,B
10:56:48,1766.30,1,B
10:56:47,1766.10,1,B
10:56:47,1766.10,1,B
10:56:47,1766.10,2,B
10:56:47,1766.20,2,B
10:56:47,1766.20,1,B
10:56:47,1766.20,1,B
10:56:47,1766.20,1,B
10:56:47,1766.30,1,B
10:56:47,1766.70,3,M
10:56:46,1766.30,1,B
10:56:45,1766.70,1,M
10:56:44,1766.70,5,M
10:56:44,1766.70,1,M
10:56:42,1766.80,3,M
10:56:42,1766.70,1,M
10:56:42,1766.70,1,M
10:56:41,1766.20,2,B
10:56:40,1766.80,3,M
10:56:40,1766.70,3,M
10:56:40,1766.60,1,M
10:56:40,1766.60,1,M
10:56:39,1766.80,1,M
10:56:39,1766.70,1,M
10:56:39,1766.70,1,M
10:56:38,1766.00,8,B
10:56:38,1766.00,3,B
10:56:38,1766.00,1,B
10:56:38,1766.00,1,B
10:56:38,1766.00,1,B
10:56:38,1766.00,4,B
10:56:38,1766.00,2,B
10:56:38,1766.00,20,B
10:56:38,1766.00,2,B
10:56:38,1766.00,12,B
10:56:38,1766.00,1,B
10:56:38,1766.00,2,B
10:56:38,1766.00,5,B
10:56:38,1766.00,20,B
10:56:38,1766.00,1,B
10:56:38,1766.00,41,B
10:56:38,1766.10,1,B
10:56:38,1766.10,1,B
10:56:38,1766.10,40,B
10:56:38,1766.10,1,B
10:56:38,1766.10,1,B
10:56:38,1766.10,1,B
10:56:38,1766.10,1,B
10:56:38,1766.10,9,B
10:56:38,1766.20,1,B
10:56:38,1766.20,2,B
10:56:38,1766.20,25,B
10:56:38,1766.20,2,B
10:56:38,1766.30,1,B
10:56:38,1766.30,1,B
10:56:37,1766.80,1,M
10:56:37,1766.20,1,B
10:56:37,1766.30,1,B
10:56:37,1766.30,2,B
10:56:37,1766.80,1,M
10:56:37,1766.70,1,M
10:56:36,1766.30,1,B
10:56:35,1766.30,1,B
10:56:35,1766.80,1,M
10:56:35,1766.80,2,M
10:56:35,1766.50,1,M
10:56:35,1766.30,1,B
10:56:35,1766.30,1,B
10:56:34,1766.70,1,M
10:56:34,1766.70,1,M
10:56:34,1766.50,1,M
10:56:34,1766.40,1,M
10:56:34,1766.30,1,M
10:56:34,1766.20,1,B
10:56:31,1766.20,2,B
10:56:31,1766.20,1,B
10:56:30,1766.20,1,B
10:56:30,1766.10,2,B
10:56:29,1766.10,1,B
10:56:29,1766.10,5,B
10:56:28,1766.10,7,B
10:56:28,1766.10,1,B
10:56:27,1766.00,4,B
10:56:26,1766.00,6,B
10:56:26,1766.20,14,B
10:56:26,1766.20,5,M
10:56:26,1766.10,1,M
10:56:26,1766.00,5,B
10:56:25,1766.00,7,B
10:56:25,1766.10,1,B
10:56:24,1766.20,6,M
10:56:24,1766.10,2,M
10:56:24,1766.00,1,B
10:56:23,1766.10,1,M
10:56:23,1766.00,1,B
10:56:22,1766.00,7,B
10:56:22,1766.10,3,B
10:56:22,1766.10,1,M
10:56:21,1766.00,1,B
10:56:21,1766.10,1,M
10:56:21,1766.10,1,B
10:56:21,1766.10,1,B
10:56:21,1766.20,1,M
10:56:21,1766.20,1,M
10:56:20,1766.20,1,B
10:56:20,1766.80,1,M
10:56:20,1766.00,1,B
10:56:20,1766.00,2,B
10:56:19,1766.00,17,B
10:56:19,1766.10,10,B
10:56:19,1766.10,1,B
10:56:19,1766.10,5,B
10:56:19,1766.10,1,B
10:56:19,1766.10,1,B
10:56:18,1766.20,1,B
10:56:18,1766.20,1,B
10:56:18,1766.50,1,M
10:56:17,1766.50,1,M
10:56:17,1766.10,1,B
10:56:16,1767.00,13,M
10:56:16,1767.00,1,M
10:56:16,1766.90,2,M
10:56:16,1766.90,4,M
10:56:16,1766.80,1,M
10:56:16,1766.80,1,M
10:56:16,1766.60,1,M
10:56:16,1766.60,1,M
10:56:16,1766.60,1,M
10:56:16,1766.60,1,M
10:56:16,1766.00,7,B
10:56:16,1766.00,1,B
10:56:16,1766.00,2,B
10:56:16,1766.00,1,B
10:56:16,1766.00,1,B
10:56:16,1766.00,1,B
10:56:16,1766.00,1,B
10:56:16,1766.00,7,B
10:56:16,1766.00,1,B
10:56:16,1766.00,1,B
10:56:16,1766.00,7,B
10:56:16,1766.00,1,B
10:56:16,1766.00,1,B
10:56:16,1766.00,1,B
10:56:16,1766.00,2,B
10:56:16,1766.00,1,B
10:56:16,1766.00,1,B
10:56:16,1766.00,2,B
10:56:16,1766.00,1,B
10:56:16,1766.10,5,B
10:56:16,1766.10,1,B
10:56:16,1766.10,1,B
10:56:16,1766.20,1,B
10:56:16,1766.20,1,B
10:56:16,1766.20,1,B
10:56:15,1766.20,1,B
10:56:14,1766.20,1,M
10:56:13,1766.10,1,B
10:56:13,1766.70,3,M
10:56:12,1766.00,5,B
10:56:12,1766.10,1,B
10:56:12,1766.20,3,B
10:56:11,1766.20,5,B
10:56:11,1766.00,6,B
10:56:11,1766.10,2,B
10:56:11,1766.10,1,B
10:56:11,1766.10,1,B
10:56:11,1766.10,2,B
10:56:09,1766.10,3,B
10:56:09,1766.20,1,B
10:56:09,1766.20,1,B
10:56:09,1766.10,2,B
10:56:09,1766.90,1,M
10:56:09,1766.50,1,M
10:56:08,1766.10,1,B
10:56:07,1766.10,1,B
10:56:07,1766.50,1,M
10:56:06,1766.10,1,B
10:56:06,1766.50,1,M
10:56:06,1766.00,8,B
10:56:06,1766.00,2,B
10:56:06,1766.00,1,B
10:56:06,1766.10,1,B
10:56:06,1766.10,1,B
10:56:06,1766.10,1,B
10:56:06,1766.30,7,B
10:56:06,1766.30,49,B
10:56:06,1766.30,4,B
10:56:06,1766.50,1,M
10:56:06,1766.30,10,B
10:56:05,1766.30,3,B
10:56:05,1766.50,1,M
10:56:05,1766.30,1,B
10:56:05,1766.30,1,B
10:56:05,1766.30,1,B
10:56:04,1766.30,2,B
10:56:04,1766.30,2,B
10:56:04,1766.30,1,B
10:56:03,1766.30,6,B
10:56:03,1766.00,1,B
10:56:03,1766.00,2,B
10:56:03,1766.00,1,B
10:56:03,1766.30,1,M
10:56:03,1766.30,9,M
10:56:03,1766.00,1,B
10:56:03,1766.00,1,B
10:56:03,1766.00,1,B
10:56:03,1766.00,1,B
10:56:03,1766.00,1,B
10:56:03,1766.00,1,B
10:56:03,1766.00,1,B
10:56:02,1766.00,1,B
10:56:02,1766.30,1,M
10:56:02,1766.00,1,B
10:56:02,1766.00,2,B
10:56:02,1766.30,1,M
10:56:02,1766.00,4,B
10:56:02,1766.00,2,B
10:56:02,1766.00,1,B
10:56:02,1766.00,1,B
10:56:01,1766.00,1,B
10:56:01,1766.00,1,B
10:56:01,1766.00,1,B
10:56:01,1766.00,1,B
10:56:01,1766.00,1,B
10:56:01,1766.00,1,B
10:56:01,1766.00,1,B
10:56:01,1766.00,3,B
10:56:01,1766.00,2,B
10:56:01,1766.00,1,B
10:56:01,1766.30,1,M
10:56:01,1766.30,5,M
10:56:00,1766.00,1,B
10:56:00,1766.30,1,M
10:56:00,1766.00,5,B
10:55:59,1766.00,3,B
10:55:59,1766.30,2,M
10:55:59,1766.00,1,B
10:55:58,1766.00,1,B
10:55:58,1766.00,1,B
10:55:58,1766.00,4,B
10:55:58,1766.00,1,B
10:55:57,1766.00,1,B
10:55:57,1766.00,1,B
10:55:57,1766.00,1,B
10:55:57,1766.00,2,B
10:55:57,1766.00,1,B
10:55:57,1766.00,6,B
10:55:56,1766.00,1,B
10:55:56,1766.00,1,B
10:55:56,1766.00,1,B
10:55:56,1766.00,3,B
10:55:56,1766.00,2,B
10:55:56,1766.00,1,B
10:55:56,1766.00,1,B
10:55:56,1766.00,2,B
10:55:56,1766.00,4,B
10:55:56,1766.10,1,B
10:55:56,1766.00,2,B
10:55:56,1766.00,1,B
10:55:56,1766.20,1,M
10:55:56,1766.20,1,M
10:55:56,1766.00,1,B
10:55:56,1766.00,1,B
10:55:56,1766.00,3,B
10:55:55,1766.00,3,B
10:55:55,1766.00,1,B
10:55:55,1766.00,6,B
10:55:55,1766.00,20,B
10:55:54,1766.20,1,M
10:55:54,1766.00,1,B
10:55:54,1766.00,5,B
10:55:54,1766.00,1,B
10:55:54,1766.00,1,B
10:55:54,1766.00,2,B
10:55:54,1766.00,3,B
10:55:54,1766.00,7,B
10:55:53,1766.00,3,B
10:55:53,1766.00,1,B
10:55:53,1766.00,1,B
10:55:53,1766.10,1,B
10:55:53,1766.30,1,M
10:55:53,1766.00,1,B
10:55:52,1766.00,1,B
10:55:52,1766.00,1,B
10:55:52,1766.00,2,B
10:55:52,1766.00,3,B
10:55:52,1766.00,9,B
10:55:52,1766.00,2,B
10:55:52,1766.00,3,B
10:55:52,1766.00,3,B
10:55:52,1766.00,3,B
10:55:52,1766.00,1,B
10:55:52,1766.00,1,B
10:55:52,1766.00,2,B
10:55:52,1766.00,2,B
10:55:52,1766.00,1,B
10:55:52,1766.00,1,B
10:55:52,1766.00,1,B
10:55:52,1766.00,1,B
10:55:52,1766.00,2,B
10:55:52,1766.00,1,B
10:55:52,1766.30,1,M
10:55:52,1766.20,1,M
10:55:52,1766.10,2,M
10:55:52,1766.00,1,B
10:55:51,1766.00,1,B
10:55:51,1766.00,4,B
10:55:51,1766.00,1,B
10:55:51,1766.00,8,B
10:55:51,1766.00,5,B
10:55:51,1766.00,2,B
10:55:51,1766.00,2,B
10:55:51,1766.00,1,B
10:55:51,1766.00,35,B
10:55:51,1766.00,1,B
10:55:51,1766.00,25,B
10:55:51,1766.00,15,B
10:55:51,1766.00,1,B
10:55:51,1766.00,1,B
10:55:51,1766.00,40,B
10:55:50,1766.00,1,B
10:55:50,1766.00,1,B
10:55:50,1766.00,43,B
10:55:50,1766.00,1,B
10:55:49,1766.00,1,B
10:55:49,1766.00,1,B
10:55:49,1766.00,2,B
10:55:49,1766.00,1,B
10:55:49,1766.00,4,B
10:55:49,1766.00,3,B
10:55:49,1766.00,66,B
10:55:49,1766.00,32,B
10:55:49,1766.00,202,B
10:55:49,1766.00,3,B
10:55:49,1766.10,1,B
10:55:48,1766.10,1,M
10:55:48,1766.10,1,M
10:55:48,1766.00,1,B
10:55:48,1766.00,2,B
10:55:48,1766.00,1,B
10:55:48,1766.00,1,B
10:55:48,1766.00,2,B
10:55:48,1766.00,1,B
10:55:48,1766.00,1,B
10:55:47,1766.00,2,B
10:55:47,1766.10,2,M
10:55:47,1766.00,1,B
10:55:47,1766.00,1,B
10:55:47,1766.00,1,B
10:55:47,1766.00,3,B
10:55:47,1766.00,1,B
10:55:46,1766.00,1,B
10:55:46,1766.00,3,B
10:55:46,1766.00,8,B
10:55:46,1766.00,1,B
10:55:46,1766.00,1,B
10:55:45,1766.00,1,B
10:55:45,1766.00,1,B
10:55:45,1766.30,1,M
10:55:45,1766.10,1,M
10:55:45,1766.00,2,B
10:55:45,1766.00,3,B
10:55:45,1766.00,1,B
10:55:45,1766.00,3,B
10:55:45,1766.00,3,B
10:55:45,1766.00,3,B
10:55:45,1766.00,1,B
10:55:45,1766.00,1,B
10:55:45,1766.00,3,B
10:55:45,1766.00,1,B
10:55:45,1766.00,7,B
10:55:45,1766.00,1,B
10:55:45,1766.00,2,B
10:55:45,1766.00,5,B
10:55:45,1766.10,3,B
10:55:45,1766.10,5,B
10:55:45,1766.10,4,B
10:55:45,1766.10,3,M
10:55:45,1766.00,1,B
10:55:45,1766.00,1,B
10:55:45,1766.00,1,B
10:55:45,1766.00,1,B
10:55:45,1766.10,1,B
10:55:45,1766.30,1,M
10:55:45,1766.10,1,B
10:55:45,1766.10,1,B
10:55:45,1766.10,1,B
10:55:45,1766.10,1,B
10:55:45,1766.10,10,B
10:55:45,1766.00,10,B
10:55:45,1766.00,1,B
10:55:45,1766.00,21,B
10:55:45,1766.00,2,B
10:55:45,1766.00,2,B
10:55:45,1766.00,2,B
10:55:45,1766.00,1,B
10:55:45,1766.00,43,B
10:55:45,1766.10,1,B
10:55:45,1766.10,1,B
10:55:45,1766.10,1,B
10:55:44,1766.10,1,B
10:55:44,1766.10,11,B
10:55:44,1766.10,1,B
10:55:44,1766.10,1,B
10:55:44,1766.10,4,B
10:55:44,1766.10,2,B
10:55:44,1766.10,1,B
10:55:44,1766.10,3,B
10:55:43,1766.10,1,B
10:55:43,1766.10,2,B
10:55:43,1766.30,2,M
10:55:43,1766.20,1,M
10:55:43,1766.10,2,B
10:55:42,1766.10,4,B
10:55:42,1766.20,1,B
10:55:42,1766.20,1,M
10:55:42,1766.10,2,B
10:55:42,1766.10,1,B
10:55:42,1766.10,1,B
10:55:42,1766.10,2,B
10:55:42,1766.10,1,B
10:55:42,1766.10,2,B
10:55:42,1766.10,1,B
10:55:42,1766.10,1,B
10:55:42,1766.10,1,B
10:55:42,1766.10,6,B
10:55:42,1766.10,2,B
10:55:42,1766.10,4,B
10:55:42,1766.10,3,B
10:55:42,1766.10,1,B
10:55:42,1766.10,2,B
10:55:41,1766.10,1,B
10:55:41,1766.10,2,B
10:55:41,1766.10,11,B
10:55:41,1766.10,1,B
10:55:41,1766.10,8,B
10:55:41,1766.10,2,B
10:55:40,1766.10,1,B
10:55:40,1766.10,4,B
10:55:40,1766.10,1,B
10:55:40,1766.10,8,B
10:55:40,1766.10,1,B
10:55:40,1766.10,2,B
10:55:40,1766.10,4,B
10:55:40,1766.10,3,B
10:55:40,1766.10,3,B
10:55:40,1766.10,1,B
10:55:40,1766.10,2,B
10:55:40,1766.10,1,B
10:55:40,1766.10,1,B
10:55:40,1766.10,2,B
10:55:40,1766.10,1,B
10:55:40,1766.10,2,B
10:55:40,1766.10,5,B
10:55:40,1766.10,2,B
10:55:40,1766.10,2,B
10:55:40,1766.10,1,B
10:55:40,1766.10,1,B
10:55:40,1766.10,1,B
10:55:40,1766.10,40,B
10:55:40,1766.10,2,B
10:55:40,1766.10,1,B
10:55:40,1766.10,18,B
10:55:39,1766.10,1,B
10:55:39,1766.10,1,B
10:55:39,1766.20,1,B
10:55:39,1766.10,1,B
10:55:39,1766.10,1,B
10:55:39,1766.10,8,B
10:55:39,1766.30,2,M
10:55:39,1766.10,5,B
10:55:38,1766.10,25,B
10:55:38,1766.10,1,B
10:55:38,1766.10,2,B
10:55:38,1766.10,32,B
10:55:38,1766.30,1,M
10:55:38,1766.10,1,B
10:55:38,1766.10,1,B
10:55:38,1766.10,2,B
10:55:38,1766.10,23,B
10:55:38,1766.10,2,B
10:55:37,1766.10,1,B
10:55:37,1766.10,1,B
10:55:37,1766.10,17,B
10:55:37,1766.10,1,B
10:55:37,1766.10,5,B
10:55:37,1766.10,5,B
10:55:37,1766.10,1,B
10:55:37,1766.10,4,B
10:55:37,1766.10,1,B
10:55:37,1766.10,2,B
10:55:37,1766.10,1,B
10:55:37,1766.10,1,B
10:55:37,1766.10,2,B
10:55:37,1766.10,1,B
10:55:37,1766.10,3,B
10:55:37,1766.10,1,B
10:55:37,1766.10,1,B
10:55:37,1766.10,2,B
10:55:37,1766.10,3,B
10:55:37,1766.10,2,B
10:55:37,1766.10,25,B
10:55:37,1766.10,1,B
10:55:37,1766.10,3,B
10:55:37,1766.10,1,B
10:55:37,1766.10,2,B
10:55:37,1766.10,3,B
10:55:37,1766.10,3,B
10:55:37,1766.10,1,B
10:55:37,1766.10,1,B
10:55:37,1766.10,1,B
10:55:37,1766.10,12,B
10:55:37,1766.10,3,B
10:55:37,1766.30,1,M
10:55:37,1766.10,1,B
10:55:37,1766.10,1,B
10:55:37,1766.10,7,B
10:55:37,1766.10,1,B
10:55:37,1766.10,2,B
10:55:37,1766.10,1,B
10:55:37,1766.10,12,B
10:55:37,1766.10,1,B
10:55:37,1766.10,3,B
10:55:37,1766.10,1,B
10:55:37,1766.10,1,B
10:55:37,1766.10,2,B
10:55:37,1766.10,2,B
10:55:37,1766.10,30,B
10:55:37,1766.10,1,B
10:55:36,1766.10,2,B
10:55:36,1766.10,1,B
10:55:36,1766.10,1,B
10:55:36,1766.10,1,B
10:55:36,1766.10,2,B
10:55:36,1766.10,2,B
10:55:36,1766.10,1,B
10:55:36,1766.10,2,B
10:55:36,1766.10,1,B
10:55:36,1766.10,1,B
10:55:36,1766.10,1,B
10:55:36,1766.10,2,B
10:55:36,1766.10,16,B
10:55:36,1766.10,2,B
10:55:36,1766.10,4,B
10:55:36,1766.10,1,B
10:55:36,1766.10,5,B
10:55:36,1766.10,1,B
10:55:36,1766.20,1,B
10:55:36,1766.20,1,B
10:55:36,1766.20,1,B
10:55:36,1766.20,1,B
10:55:36,1766.20,2,B
10:55:36,1766.20,5,B
10:55:36,1766.20,2,B
10:55:36,1766.20,1,B
10:55:36,1766.20,8,B
10:55:36,1766.20,1,B
10:55:36,1766.20,1,B
10:55:36,1766.20,1,B
10:55:36,1766.20,2,B
10:55:36,1766.20,9,B
10:55:36,1766.20,1,B
10:55:36,1766.20,1,B
10:55:36,1766.20,2,B
10:55:36,1766.20,1,B
10:55:36,1766.20,4,B
10:55:36,1766.20,4,B
10:55:36,1766.20,1,B
10:55:36,1766.20,1,B
10:55:36,1766.30,2,M
10:55:35,1766.30,1,M
10:55:35,1766.30,1,M
10:55:32,1766.20,1,B
10:55:32,1766.20,1,B
10:55:31,1766.30,1,M
10:55:31,1766.30,1,M
10:55:30,1766.30,3,B
10:55:29,1766.40,1,M
10:55:29,1766.30,1,B
10:55:28,1766.40,1,M
10:55:27,1766.20,2,B
10:55:25,1766.30,1,B
10:55:25,1766.30,1,B
10:55:25,1766.30,2,B
10:55:25,1766.30,1,B
10:55:24,1766.30,1,B
10:55:24,1766.40,2,B
10:55:23,1766.40,1,B
10:55:20,1766.50,3,M
10:55:20,1766.40,4,M
10:55:20,1766.40,1,M
10:55:20,1766.40,1,M
10:55:20,1766.30,1,B
10:55:17,1766.40,1,M
10:55:17,1766.30,2,B
10:55:17,1766.40,30,M
10:55:16,1766.40,1,M
10:55:16,1766.40,14,M
10:55:12,1766.40,3,M
10:55:10,1766.30,8,B
10:55:10,1766.30,2,B
10:55:08,1766.30,5,B
10:55:08,1766.40,1,M
10:55:06,1766.20,1,B
10:55:06,1766.20,1,B
10:55:06,1766.20,1,B
10:55:06,1766.20,1,B
10:55:06,1766.20,3,B
10:55:06,1766.20,1,B
10:55:05,1766.30,1,M
10:55:04,1766.20,1,B
10:55:03,1766.30,1,B
10:55:03,1766.30,1,M
10:55:03,1766.20,1,B
10:55:02,1766.20,1,B
10:54:58,1766.20,4,B
10:54:58,1766.20,1,B
10:54:56,1766.40,1,M
10:54:55,1766.40,1,M
10:54:55,1766.40,2,M
10:54:55,1766.40,1,M
10:54:54,1766.20,1,B
10:54:53,1766.40,1,M
10:54:52,1766.50,3,M
10:54:52,1766.20,1,B
10:54:51,1766.50,1,M
10:54:51,1766.50,5,M
10:54:51,1766.20,2,B
10:54:51,1766.20,5,B
10:54:51,1766.30,1,B
10:54:50,1766.50,1,M
10:54:49,1766.50,3,M
10:54:49,1766.50,1,M
10:54:46,1766.20,1,B
10:54:46,1766.40,1,M
10:54:46,1766.20,4,B
10:54:46,1766.30,16,B
10:54:46,1766.30,1,B
10:54:46,1766.30,5,B
10:54:46,1766.30,3,B
10:54:45,1766.30,1,B
10:54:45,1766.20,1,B
10:54:44,1766.20,39,B
10:54:44,1766.20,2,B
10:54:44,1766.20,2,B
10:54:44,1766.20,5,B
10:54:44,1766.20,2,B
10:54:44,1766.20,2,B
10:54:44,1766.20,1,B
10:54:44,1766.20,1,B
10:54:44,1766.20,46,B
10:54:44,1766.30,2,B
10:54:44,1766.20,1,B
10:54:43,1766.20,50,B
10:54:43,1766.20,1,B
10:54:43,1766.30,14,M
10:54:43,1766.30,30,M
10:54:43,1766.20,2,B
10:54:43,1766.20,3,B
10:54:43,1766.20,1,B
10:54:43,1766.20,2,B
10:54:43,1766.20,1,B
10:54:43,1766.20,7,B
10:54:42,1766.20,1,B
10:54:42,1766.20,2,B
10:54:42,1766.30,1,M
10:54:41,1766.30,1,M
10:54:41,1766.30,4,M
10:54:40,1766.30,8,M
10:54:38,1766.30,1,M
10:54:38,1766.30,2,M
10:54:38,1766.20,1,B
10:54:37,1766.20,1,B
10:54:37,1766.20,1,B
10:54:36,1766.30,1,M
10:54:36,1766.30,2,M
10:54:35,1766.20,5,B
10:54:35,1766.20,1,B
10:54:34,1766.20,1,B
10:54:34,1766.20,2,B
10:54:34,1766.20,1,B
10:54:34,1766.20,2,B
10:54:34,1766.20,2,B
10:54:34,1766.20,2,B
10:54:34,1766.20,1,B
10:54:34,1766.20,2,B
10:54:34,1766.20,10,B
10:54:34,1766.20,3,B
10:54:34,1766.30,2,M
10:54:33,1766.30,4,B
10:54:33,1766.30,36,B
10:54:33,1766.40,4,B
10:54:32,1766.90,2,M
10:54:32,1766.50,1,M
10:54:32,1766.50,27,M
10:54:32,1766.40,1,B
10:54:32,1766.50,1,M
10:54:31,1766.50,2,M
10:54:31,1766.30,1,B
10:54:31,1766.30,1,B
10:54:31,1766.50,1,M
10:54:30,1766.30,4,B
10:54:30,1766.50,2,M
10:54:29,1766.30,1,B
10:54:29,1766.50,2,M
10:54:29,1766.40,1,M
10:54:28,1766.30,1,B
10:54:28,1766.30,9,B
10:54:28,1766.30,1,B
10:54:28,1766.30,2,B
10:54:28,1766.30,1,B
10:54:28,1766.30,3,B
10:54:28,1766.30,3,B
10:54:28,1766.30,1,B
10:54:28,1766.30,10,B
10:54:28,1766.30,2,B
10:54:28,1766.30,1,B
10:54:28,1766.30,5,B
10:54:28,1766.30,7,B
10:54:27,1766.30,3,B
10:54:27,1766.30,1,B
10:54:27,1766.30,2,B
10:54:27,1766.30,2,B
10:54:27,1766.30,1,B
10:54:27,1766.30,2,B
10:54:27,1766.30,2,B
10:54:27,1766.30,7,B
10:54:27,1766.30,1,B
10:54:27,1766.30,1,B
10:54:26,1766.30,13,B
10:54:26,1766.30,1,B
10:54:26,1766.30,1,B
10:54:26,1766.30,1,B
10:54:26,1766.30,1,B
10:54:26,1766.30,1,B
10:54:26,1766.30,1,B
10:54:26,1766.30,1,B
10:54:26,1766.40,1,B
10:54:26,1766.40,3,B
10:54:26,1766.40,3,B
10:54:26,1766.40,2,B
10:54:26,1766.40,1,B
10:54:26,1766.40,2,B
10:54:26,1766.40,2,B
10:54:26,1766.40,3,B
10:54:26,1766.40,2,B
10:54:26,1766.40,1,B
10:54:25,1766.50,7,B
10:54:24,1766.50,3,B
10:54:24,1766.50,2,B
10:54:24,1766.50,1,B
10:54:24,1766.50,3,B
10:54:24,1766.50,1,B
10:54:24,1766.50,1,B
10:54:24,1766.50,1,B
10:54:24,1766.50,1,B
10:54:24,1766.90,9,M
10:54:23,1767.00,3,M
10:54:23,1766.50,1,B
10:54:23,1766.80,1,B
10:54:23,1766.50,1,B
10:54:23,1766.50,1,B
10:54:23,1766.60,1,B
10:54:23,1766.60,2,B
10:54:23,1766.60,1,B
10:54:23,1766.60,3,B
10:54:23,1766.60,3,B
10:54:23,1766.70,9,B
10:54:23,1766.80,4,B
10:54:23,1766.80,1,B
10:54:23,1766.80,1,B
10:54:22,1767.30,1,M
10:54:22,1766.70,1,B
10:54:22,1766.70,2,M
10:54:22,1766.70,10,B
10:54:22,1766.70,1,B
10:54:22,1766.70,3,B
10:54:22,1766.70,1,B
10:54:22,1766.70,1,B
10:54:22,1766.70,1,B
10:54:22,1766.70,1,B
10:54:22,1766.80,2,B
10:54:22,1766.80,1,B
10:54:22,1766.80,2,B
10:54:22,1766.80,2,B
10:54:22,1766.80,1,B
10:54:22,1766.80,66,B
10:54:22,1766.90,3,B
10:54:22,1766.90,1,B
10:54:22,1767.00,1,B
10:54:22,1767.00,1,B
10:54:22,1767.00,1,B
10:54:22,1767.00,7,B
10:54:22,1767.00,13,B
10:54:22,1767.00,1,B
10:54:22,1767.00,1,B
10:54:22,1767.00,1,B
10:54:22,1767.00,5,B
10:54:22,1767.00,1,B
10:54:22,1767.00,1,B
10:54:22,1767.00,2,B
10:54:22,1767.00,1,B
10:54:22,1767.00,2,B
10:54:22,1767.00,10,B
10:54:22,1767.00,5,B
10:54:22,1767.00,62,B
10:54:22,1767.10,1,B
10:54:22,1767.10,2,B
10:54:22,1767.10,10,B
10:54:22,1767.20,5,B
10:54:22,1767.20,17,B
10:54:22,1767.20,1,B
10:54:22,1767.30,1,B
10:54:21,1767.30,2,B
10:54:20,1767.30,4,B
10:54:15,1767.70,2,B
10:54:15,1767.30,1,B
10:54:13,1767.30,7,B
10:54:13,1767.40,1,B
10:54:12,1767.70,1,M
10:54:12,1767.50,4,B
10:54:12,1767.20,1,B
10:54:12,1767.20,1,B
10:54:09,1767.50,2,B
10:54:09,1767.50,1,B
10:54:08,1767.50,2,B
10:54:08,1767.70,1,M
10:54:06,1767.30,1,B
10:54:06,1767.40,1,B
10:54:05,1767.30,4,B
10:54:05,1767.30,1,B
10:54:05,1767.50,1,B
10:54:05,1767.50,2,B
10:54:05,1767.50,1,B
10:54:05,1767.50,1,B
10:54:05,1767.60,6,B
10:54:05,1767.70,2,M
10:54:03,1767.60,1,B
10:54:02,1767.70,1,M
10:54:00,1767.50,1,B
10:53:59,1767.60,1,M
10:53:58,1767.50,4,B
10:53:57,1767.50,1,B
10:53:55,1767.50,3,B
10:53:55,1767.50,1,B
10:53:52,1767.50,1,B
10:53:51,1767.50,1,B
10:53:51,1767.50,2,B
10:53:50,1767.60,1,B
10:53:49,1767.70,4,B
10:53:49,1767.70,5,B
10:53:49,1767.70,4,B
10:53:49,1767.70,2,B
10:53:49,1767.80,1,M
10:53:47,1767.70,1,B
10:53:46,1767.60,5,B
10:53:46,1767.60,1,B
10:53:46,1767.60,4,B
10:53:45,1767.60,1,B
10:53:44,1767.60,2,B
10:53:42,1767.60,2,B
10:53:42,1767.60,2,B
10:53:37,1768.00,1,M
10:53:34,1768.00,1,M
10:53:33,1767.90,1,M
10:53:33,1767.50,1,B
10:53:33,1767.90,1,B
10:53:32,1768.20,2,M
10:53:32,1768.00,1,M
10:53:32,1768.00,2,M
10:53:29,1768.00,1,B
10:53:29,1768.00,1,B
10:53:26,1768.20,1,M
10:53:25,1768.20,1,M
10:53:24,1768.00,3,B
10:53:24,1768.00,1,B
10:53:24,1768.00,3,B
10:53:23,1768.20,1,M
10:53:23,1768.10,1,B
10:53:22,1768.00,1,M
10:53:22,1768.00,1,M
10:53:22,1768.00,1,M
10:53:22,1768.00,1,M
10:53:22,1768.00,1,M
10:53:22,1768.00,18,M
10:53:22,1768.00,1,M
10:53:22,1768.00,2,M
10:53:22,1768.00,1,M
10:53:21,1768.00,1,M
10:53:13,1768.00,1,M
10:53:12,1767.90,1,M
10:53:11,1767.40,1,B
10:53:11,1767.40,1,B
10:53:10,1767.40,2,B
10:53:10,1767.50,1,B
10:53:10,1768.00,1,M
10:53:08,1768.00,4,M
10:53:08,1768.00,1,M
10:53:07,1767.50,1,B
10:53:05,1767.50,1,B
10:53:05,1767.50,2,B
10:53:03,1767.90,3,M
10:53:03,1767.80,3,M
10:53:03,1767.80,1,M
10:53:02,1767.50,1,B
10:53:01,1767.80,10,B
10:53:01,1767.80,1,B
10:53:01,1767.80,10,B
10:52:59,1768.00,3,B
10:52:59,1768.00,1,B
10:52:59,1768.00,1,B
10:52:59,1768.00,9,B
10:52:57,1768.20,1,M
10:52:56,1768.20,1,M
10:52:50,1768.20,1,M
10:52:50,1768.20,3,M
10:52:48,1768.20,1,M
10:52:46,1768.20,5,M
10:52:46,1768.00,3,M
10:52:46,1767.80,2,M
10:52:45,1767.80,2,B
10:52:45,1768.00,1,B
10:52:45,1768.00,6,B
10:52:44,1768.30,1,M
10:52:44,1768.30,2,M
10:52:43,1767.80,1,B
10:52:43,1768.30,1,M
10:52:41,1768.00,1,B
10:52:41,1768.00,6,B
10:52:40,1768.00,2,M
10:52:40,1767.90,1,M
10:52:40,1767.80,5,M
10:52:40,1767.70,4,B
10:52:40,1767.70,1,B
10:52:39,1767.80,1,M
10:52:38,1768.00,2,B
10:52:38,1768.00,3,M
10:52:37,1767.80,1,M
10:52:36,1767.80,1,M
10:52:36,1767.80,1,M
10:52:36,1767.80,6,B
10:52:36,1767.90,8,B
10:52:35,1767.90,1,B
10:52:35,1768.00,1,M
10:52:35,1768.00,1,B
10:52:34,1768.00,1,B
10:52:34,1768.00,2,B
10:52:34,1768.10,1,B
10:52:34,1768.10,10,B
10:52:34,1768.10,1,B
10:52:34,1768.40,1,M
10:52:32,1768.40,5,M
10:52:32,1768.40,2,M
10:52:32,1768.40,1,M
10:52:32,1768.20,1,M
10:52:31,1768.50,1,M
10:52:30,1768.20,1,B
10:52:30,1768.20,1,B
10:52:29,1768.60,1,M
10:52:28,1768.70,7,M
10:52:27,1768.10,3,B
10:52:27,1768.20,1,B
10:52:27,1768.60,1,B
10:52:27,1768.70,1,M
10:52:27,1768.80,1,M
10:52:27,1768.70,1,M
10:52:27,1768.60,5,M
10:52:27,1768.60,1,M
10:52:27,1768.50,2,M
10:52:27,1768.50,1,M
10:52:27,1768.40,1,M
10:52:27,1768.40,1,M
10:52:27,1768.40,5,M
10:52:27,1768.30,1,M
10:52:27,1768.30,1,M
10:52:26,1768.30,1,M
10:52:26,1768.20,1,M
10:52:26,1768.00,1,M
10:52:26,1768.00,4,M
10:52:26,1768.00,1,M
10:52:26,1768.00,5,M
10:52:26,1768.00,5,M
10:52:26,1768.00,1,M
10:52:26,1768.00,1,M
10:52:25,1768.00,2,M
10:52:25,1768.00,1,M
10:52:25,1768.00,1,M
10:52:25,1768.00,1,M
10:52:25,1768.00,1,M
10:52:25,1768.00,1,M
10:52:25,1768.00,1,M
10:52:24,1768.00,1,M
10:52:24,1768.00,1,M
10:52:24,1768.00,12,M
10:52:24,1768.00,1,M
10:52:24,1767.80,1,B
10:52:23,1768.00,5,M
10:52:23,1768.00,7,M
10:52:23,1767.90,1,M
10:52:23,1767.90,1,M
10:52:23,1767.90,1,M
10:52:23,1767.90,3,M
10:52:23,1767.90,4,M
10:52:22,1767.80,1,M
10:52:22,1767.80,1,M
10:52:22,1767.80,1,M
10:52:22,1767.80,2,M
10:52:20,1767.80,9,M
10:52:20,1767.70,1,M
10:52:20,1767.70,1,M
10:52:18,1767.50,1,M
10:52:16,1767.50,1,M
10:52:14,1767.40,1,M
10:52:14,1767.40,1,M
10:52:14,1767.40,9,M
10:52:13,1767.40,9,M
10:52:13,1767.30,1,M
10:52:13,1767.30,1,M
10:52:13,1767.30,1,M
10:52:13,1767.30,1,M
10:52:13,1767.30,2,M
10:52:13,1767.30,1,M
10:52:13,1767.30,1,M
10:52:13,1767.20,3,M
10:52:10,1767.20,1,M
10:52:08,1767.10,1,B
10:52:07,1767.10,1,M
10:52:04,1767.10,1,B
10:52:03,1767.00,7,B
10:52:03,1767.20,1,M
10:52:03,1767.20,1,M
10:52:01,1767.20,1,B
10:52:01,1767.00,1,B
10:52:00,1767.00,1,B
10:52:00,1767.40,5,M
10:52:00,1767.20,1,B
10:51:56,1767.20,1,B
10:51:55,1767.70,1,M
10:51:53,1767.70,3,M
10:51:53,1767.60,1,M
10:51:53,1767.60,1,M
10:51:53,1767.50,1,M
10:51:53,1767.20,1,M
10:51:53,1767.10,2,M
10:51:51,1767.20,1,M
10:51:50,1766.90,2,B
10:51:49,1766.90,17,B
10:51:49,1767.00,1,B
10:51:49,1767.00,1,B
10:51:49,1767.00,28,B
10:51:49,1767.10,1,B
10:51:49,1767.20,1,B
10:51:49,1767.20,1,B
10:51:48,1767.60,1,M
10:51:48,1767.10,2,B
10:51:47,1767.70,2,M
10:51:46,1767.70,1,M
10:51:46,1767.70,1,M
10:51:46,1767.60,1,M
10:51:46,1767.50,6,M
10:51:46,1767.40,1,M
10:51:46,1767.30,1,B
10:51:45,1767.00,1,B
10:51:45,1767.00,1,B
10:51:43,1767.40,1,M
10:51:43,1767.40,2,M
10:51:43,1767.30,3,M
10:51:41,1766.90,3,M
10:51:40,1767.00,1,M
10:51:40,1767.50,2,M
10:51:40,1767.40,2,M
10:51:40,1767.20,1,M
10:51:40,1767.20,10,M
10:51:40,1767.10,10,M
10:51:40,1767.00,1,M
10:51:39,1766.80,15,B
10:51:37,1767.00,2,M
10:51:29,1766.80,2,B
10:51:29,1767.00,1,M
10:51:29,1767.00,1,M
10:51:29,1767.00,5,M
10:51:28,1766.80,1,B
10:51:28,1767.00,2,M
10:51:27,1767.00,1,M
10:51:27,1767.00,1,M
10:51:25,1767.00,1,M
10:51:25,1766.80,15,B
10:51:25,1766.80,1,B
10:51:25,1767.00,1,M
10:51:25,1767.00,1,M
10:51:23,1767.00,1,M
10:51:22,1767.00,1,M
10:51:21,1767.00,4,M
10:51:20,1767.00,2,M
10:51:19,1767.00,1,M
10:51:19,1767.00,13,M
10:51:19,1767.00,1,M
10:51:19,1767.00,1,M
10:51:19,1767.00,10,M
10:51:19,1767.00,25,M
10:51:17,1767.00,1,M
10:51:17,1767.00,10,M
10:51:17,1766.80,3,B
10:51:17,1767.00,1,M
10:51:17,1766.90,1,M
10:51:16,1767.00,3,M
10:51:16,1766.90,20,M
10:51:16,1766.90,7,M
10:51:13,1766.90,5,M
10:51:13,1766.90,1,M
10:51:12,1766.80,1,B
10:51:12,1766.80,1,M
10:51:12,1766.80,3,M
10:51:11,1766.80,1,M
10:51:10,1766.80,1,M
10:51:08,1766.80,1,M
10:51:08,1766.80,3,M
10:51:06,1766.80,2,M
10:51:05,1766.40,1,B
10:51:05,1766.50,1,B
10:51:02,1766.60,1,M
10:51:01,1766.60,1,M
10:51:01,1766.60,4,M
10:50:59,1766.40,1,B
10:50:59,1766.40,1,M
10:50:58,1766.40,1,B
10:50:57,1766.30,1,B
10:50:57,1766.40,1,M
10:50:56,1766.40,1,B
10:50:55,1766.40,1,M
10:50:54,1766.40,1,B
10:50:54,1766.40,1,B
10:50:52,1766.80,1,M
10:50:50,1766.80,1,M
10:50:48,1766.30,1,B
10:50:47,1766.40,1,M
10:50:47,1766.40,1,M
10:50:45,1766.30,1,B
10:50:45,1766.30,1,B
10:50:45,1766.40,1,B
10:50:45,1766.30,1,B
10:50:41,1766.30,7,B
10:50:41,1766.40,1,B
10:50:41,1766.40,8,B
10:50:40,1766.80,1,M
10:50:40,1766.80,1,M
10:50:38,1766.30,2,B
10:50:38,1766.40,3,B
10:50:37,1766.70,1,M
10:50:37,1766.70,1,M
10:50:35,1766.30,1,B
10:50:35,1766.30,7,B
10:50:35,1766.70,1,M
10:50:35,1766.30,1,B
10:50:34,1766.70,1,M
10:50:33,1766.70,1,M
10:50:33,1766.70,2,M
10:50:33,1766.20,1,B
10:50:33,1766.20,1,B
10:50:33,1766.20,6,B
10:50:32,1766.20,20,B
10:50:32,1766.20,1,B
10:50:32,1766.30,1,M
10:50:32,1766.30,1,M
10:50:32,1766.20,2,B
10:50:32,1766.20,1,B
10:50:31,1766.20,1,B
10:50:31,1766.20,3,B
10:50:31,1766.20,1,B
10:50:31,1766.20,1,B
10:50:31,1766.20,1,B
10:50:31,1766.20,3,B
10:50:30,1766.20,3,B
10:50:29,1766.20,1,B
10:50:29,1766.20,1,B
10:50:29,1766.20,1,B
10:50:28,1766.20,1,B
10:50:28,1766.20,1,B
10:50:28,1766.20,1,B
10:50:27,1766.20,1,B
10:50:27,1766.20,1,B
10:50:26,1766.20,1,B
10:50:26,1766.30,1,M
10:50:26,1766.20,1,B
10:50:26,1766.70,2,M
10:50:26,1766.70,3,M
10:50:25,1766.20,3,B
10:50:25,1766.20,1,B
10:50:25,1766.20,1,B
10:50:24,1766.20,7,B
10:50:24,1766.30,3,B
10:50:24,1766.30,1,B
10:50:24,1766.70,1,M
10:50:24,1766.70,1,M
10:50:24,1766.20,2,B
10:50:24,1766.30,1,B
10:50:23,1766.30,3,B
10:50:23,1766.70,3,M
10:50:23,1766.20,3,B
10:50:23,1766.20,2,B
10:50:23,1766.20,3,B
10:50:23,1766.30,1,B
10:50:23,1766.30,1,B
10:50:23,1766.20,1,B
10:50:22,1766.20,3,B
10:50:22,1766.20,3,B
10:50:22,1766.30,1,B
10:50:22,1766.30,1,B
10:50:22,1766.30,3,B
10:50:22,1766.30,1,B
10:50:22,1766.30,1,B
10:50:22,1766.30,1,B
10:50:22,1766.30,1,B
10:50:22,1766.30,1,B
10:50:22,1766.80,6,M
10:50:22,1766.60,1,M
10:50:22,1766.50,1,M
10:50:22,1766.50,9,M
10:50:21,1766.30,5,B
10:50:21,1766.30,8,B
10:50:21,1766.50,1,M
10:50:20,1766.30,1,B
10:50:20,1766.30,1,B
10:50:19,1766.30,2,B
10:50:19,1766.30,1,B
10:50:19,1766.30,1,B
10:50:19,1766.30,1,B
10:50:19,1766.30,1,B
10:50:19,1766.30,1,B
10:50:19,1766.30,10,B
10:50:18,1766.30,1,B
10:50:18,1766.30,1,B
10:50:16,1766.30,1,B
10:50:16,1766.30,1,B
10:50:15,1766.30,1,B
10:50:15,1766.30,1,B
10:50:15,1766.50,2,M
10:50:15,1766.30,1,B
10:50:14,1766.30,1,B
10:50:14,1766.30,5,B
10:50:13,1766.30,4,B
10:50:13,1766.30,3,B
10:50:13,1766.30,2,B
10:50:13,1766.30,1,B
10:50:13,1766.30,1,B
10:50:13,1766.30,1,B
10:50:13,1766.30,1,B
10:50:13,1766.30,1,B
10:50:13,1766.30,1,B
10:50:13,1766.30,5,B
10:50:12,1766.30,3,B
10:50:12,1766.30,1,B
10:50:12,1766.30,1,B
10:50:12,1766.30,1,B
10:50:12,1766.30,2,B
10:50:12,1766.50,2,M
10:50:12,1766.30,3,B
10:50:10,1766.30,1,B
10:50:10,1766.30,5,B
10:50:10,1766.50,1,M
10:50:10,1766.40,2,B
10:50:10,1766.40,18,B
10:50:10,1766.40,1,B
10:50:10,1766.40,1,B
10:50:10,1766.40,1,B
10:50:10,1766.40,1,B
10:50:10,1766.40,1,B
10:50:10,1766.40,12,B
10:50:10,1766.50,1,B
10:50:10,1766.50,14,B
10:50:09,1766.50,1,B
10:50:09,1766.60,1,B
10:50:09,1766.50,5,B
10:50:08,1766.50,1,B
10:50:08,1766.50,1,B
10:50:08,1766.50,1,B
10:50:08,1766.50,1,B
10:50:06,1766.50,28,B
10:50:06,1766.60,2,B
10:50:06,1766.60,20,B
10:50:06,1766.90,1,M
10:50:06,1766.90,3,M
10:50:06,1766.90,3,M
10:50:05,1766.90,1,M
10:50:04,1766.50,48,B
10:50:04,1766.50,1,B
10:50:04,1766.50,1,B
10:50:03,1766.50,1,B
10:50:03,1766.50,1,B
10:50:03,1766.50,1,B
10:50:03,1766.50,1,B
10:50:03,1766.50,1,B
10:50:03,1766.50,1,B
10:50:03,1766.50,1,B
10:50:03,1766.50,1,B
10:50:03,1766.50,1,B
10:50:03,1766.50,1,B
10:50:03,1766.60,5,B
10:50:03,1766.60,25,B
10:50:03,1766.70,13,B
10:50:02,1766.70,1,B
10:50:01,1767.00,1,M
10:50:01,1767.00,1,M
10:50:01,1766.50,1,B
10:49:59,1766.50,1,B
10:49:59,1767.00,4,M
10:49:59,1767.00,1,M
10:49:59,1767.00,1,M
10:49:59,1767.00,6,M
10:49:59,1766.90,12,M
10:49:58,1766.50,2,B
10:49:58,1766.50,1,B
10:49:57,1766.50,2,B
10:49:57,1766.50,2,B
10:49:57,1766.50,1,B
10:49:57,1766.50,1,B
10:49:57,1766.50,1,B
10:49:57,1766.50,1,B
10:49:57,1766.50,1,B
10:49:57,1766.50,2,B
10:49:57,1766.50,1,B
10:49:57,1766.50,1,B
10:49:56,1766.50,1,B
10:49:53,1767.00,1,M
10:49:53,1766.90,1,M
10:49:52,1766.50,1,B
10:49:52,1766.70,1,B
10:49:51,1767.00,3,M
10:49:49,1767.00,1,M
10:49:45,1767.00,1,M
10:49:44,1767.00,1,M
10:49:44,1767.00,1,M
10:49:44,1767.00,1,M
10:49:43,1767.00,1,M
10:49:43,1767.00,3,M
10:49:42,1767.00,1,M
10:49:42,1767.00,1,M
10:49:41,1766.90,1,M
10:49:40,1766.50,3,B
10:49:40,1766.60,1,B
10:49:40,1766.60,1,B
10:49:40,1767.00,1,M
10:49:40,1766.90,1,M
10:49:39,1766.90,3,M
10:49:39,1766.60,1,M
10:49:39,1766.60,1,M
10:49:39,1766.60,1,M
10:49:38,1766.60,4,M
10:49:38,1766.60,1,M
10:49:37,1766.60,1,M
10:49:37,1766.50,1,B
10:49:37,1766.50,1,B
10:49:36,1766.50,1,B
10:49:36,1766.60,1,M
10:49:35,1766.50,1,B
10:49:34,1766.60,1,M
10:49:34,1766.60,1,M
10:49:33,1766.60,1,M
10:49:33,1766.60,1,B
10:49:30,1766.90,1,M
10:49:30,1766.90,3,M
10:49:29,1767.00,1,M
10:49:28,1767.00,1,M
10:49:28,1767.00,2,M
10:49:27,1766.90,4,B
10:49:27,1767.00,1,M
10:49:27,1767.00,7,M
10:49:27,1767.00,1,M
10:49:27,1767.00,4,M
10:49:27,1767.00,10,M
10:49:27,1767.00,12,M
10:49:27,1767.00,20,B
10:49:27,1767.10,12,B
10:49:27,1767.10,1,B
10:49:27,1767.10,1,B
10:49:27,1767.20,1,B
10:49:27,1767.20,1,B
10:49:27,1767.30,3,B
10:49:24,1767.20,2,B
10:49:24,1767.50,1,B
10:49:24,1767.60,2,B
10:49:24,1767.90,1,M
10:49:23,1767.90,1,M
10:49:21,1767.70,1,M
10:49:21,1768.00,22,M
10:49:21,1768.00,1,M
10:49:21,1767.90,24,M
10:49:21,1767.80,2,M
10:49:21,1767.80,1,M
10:49:21,1767.00,1,B
10:49:19,1767.90,6,M
10:49:19,1767.90,1,M
10:49:19,1767.90,1,M
10:49:19,1767.90,12,M
10:49:19,1767.70,12,M
10:49:19,1767.50,2,M
10:49:19,1767.50,1,M
10:49:19,1767.50,8,M
10:49:19,1767.30,3,M
10:49:19,1767.20,1,M
10:49:19,1767.10,1,M
10:49:19,1767.00,1,M
10:49:19,1767.00,1,M
10:49:18,1767.00,2,M
10:49:16,1767.10,1,M
10:49:16,1767.00,14,M
10:49:16,1767.10,1,M
10:49:16,1767.10,1,M
10:49:16,1767.10,1,M
10:49:14,1767.20,1,M
10:49:14,1766.50,3,B
10:49:14,1766.60,1,B
10:49:14,1766.60,3,B
10:49:14,1766.90,1,B
10:49:14,1767.30,8,M
10:49:14,1767.30,1,M
10:49:14,1767.20,1,B
10:49:13,1767.30,1,M
10:49:12,1767.40,2,M
10:49:11,1767.50,1,M
10:49:08,1767.20,10,B
10:49:08,1767.20,1,B
10:49:06,1767.50,1,M
10:49:06,1767.20,2,B
10:49:04,1767.50,2,M
10:49:04,1767.60,1,M
10:49:04,1767.00,1,M
10:49:04,1766.50,2,B
10:49:04,1766.50,1,B
10:49:04,1766.50,5,B
10:49:04,1766.50,3,B
10:49:04,1766.50,1,B
10:49:04,1767.00,1,B
10:49:03,1767.10,1,B
10:49:03,1767.00,3,B
10:49:03,1768.00,2,M
10:49:03,1768.00,13,M
10:49:03,1767.90,1,M
10:49:03,1767.80,1,M
10:49:03,1767.80,1,M
10:49:03,1767.80,1,M
10:49:03,1767.80,1,M
10:49:03,1767.70,2,M
10:49:03,1767.60,4,M
10:49:03,1767.50,25,M
10:49:03,1767.10,3,M
10:49:03,1767.00,8,M
10:49:03,1767.00,1,M
10:49:03,1766.80,2,M
10:49:03,1766.60,2,M
10:49:03,1766.60,10,M
10:49:03,1766.50,1,M
10:49:02,1766.30,6,B
10:49:02,1766.50,5,M
10:49:02,1766.30,1,B
10:49:02,1766.30,1,B
10:49:02,1766.30,11,B
10:49:02,1766.40,1,B
10:49:02,1766.40,1,B
10:49:01,1766.50,1,M
10:49:01,1766.50,2,M
10:49:01,1766.50,5,M
10:49:01,1766.40,3,B
10:49:01,1766.40,1,B
10:49:01,1766.40,4,B
10:49:01,1766.40,7,B
10:49:01,1766.40,3,B
10:49:01,1766.40,2,B
10:49:01,1766.60,1,M
10:49:00,1766.40,28,B
10:49:00,1766.50,1,B
10:49:00,1766.50,1,B
10:49:00,1766.50,1,B
10:49:00,1766.50,6,B
10:49:00,1766.50,13,B
10:48:59,1766.60,5,M
10:48:59,1766.50,1,B
10:48:59,1766.50,1,B
10:48:59,1766.50,1,B
10:48:59,1766.80,1,M
10:48:58,1766.50,2,B
10:48:58,1766.50,1,B
10:48:58,1766.50,5,B
10:48:58,1766.50,1,B
10:48:58,1766.50,5,B
10:48:58,1766.50,5,B
10:48:58,1766.50,5,B
10:48:58,1766.50,1,B
10:48:58,1766.50,1,B
10:48:58,1766.60,20,B
10:48:58,1766.60,1,B
10:48:58,1766.60,2,B
10:48:58,1766.60,1,B
10:48:58,1766.60,2,B
10:48:58,1766.70,1,B
10:48:57,1766.70,1,B
10:48:56,1766.70,2,B
10:48:56,1766.70,6,B
10:48:56,1766.70,1,B
10:48:56,1766.80,1,B
10:48:56,1766.80,1,B
10:48:56,1766.80,5,B
10:48:56,1766.80,3,B
10:48:56,1767.00,1,B
10:48:56,1767.00,3,B
10:48:56,1767.00,12,B
10:48:56,1767.00,1,B
10:48:56,1767.00,1,B
10:48:56,1767.00,4,B
10:48:56,1767.00,4,B
10:48:56,1767.00,2,B
10:48:56,1767.10,5,B
10:48:54,1767.10,2,M
10:48:53,1767.00,3,B
10:48:53,1767.00,2,B
10:48:53,1767.10,1,B
10:48:53,1767.30,1,B
10:48:53,1767.30,3,B
10:48:53,1767.30,20,B
10:48:53,1767.30,1,B
10:48:53,1767.30,19,B
10:48:51,1767.30,1,B
10:48:50,1767.30,2,B
10:48:50,1767.30,2,B
10:48:50,1767.40,1,B
10:48:50,1767.40,2,B
10:48:50,1767.40,1,B
10:48:47,1767.30,1,B
10:48:47,1767.50,1,B
10:48:46,1767.60,2,B
10:48:44,1767.40,1,B
10:48:44,1767.90,1,M
10:48:44,1767.60,1,M
10:48:44,1767.90,1,M
10:48:44,1767.90,3,M
10:48:44,1767.70,1,M
10:48:44,1767.00,2,B
10:48:44,1767.00,1,B
10:48:44,1767.00,10,B
10:48:44,1767.00,9,B
10:48:44,1767.10,2,B
10:48:44,1767.10,1,B
10:48:44,1767.40,10,B
10:48:44,1767.40,1,B
10:48:44,1767.40,1,B
10:48:44,1767.40,1,B
10:48:44,1767.40,1,B
10:48:44,1767.40,4,B
10:48:44,1767.50,1,B
10:48:44,1767.50,4,B
10:48:44,1767.60,1,B
10:48:44,1767.70,1,B
10:48:44,1768.00,2,M
10:48:44,1767.90,5,M
10:48:44,1767.90,1,M
10:48:41,1767.70,1,M
10:48:41,1767.70,1,M
10:48:41,1767.70,16,M
10:48:41,1767.70,3,M
10:48:41,1767.70,1,M
10:48:40,1767.70,1,M
10:48:39,1767.60,4,M
10:48:39,1767.50,1,B
10:48:36,1767.60,1,M
10:48:34,1767.40,1,B
10:48:33,1767.60,1,M
10:48:33,1767.40,1,B
10:48:32,1767.50,1,M
10:48:32,1767.40,1,B
10:48:32,1767.40,2,B
10:48:30,1767.40,1,B
10:48:30,1767.50,1,B
10:48:30,1767.60,2,M
10:48:30,1767.60,1,M
10:48:29,1767.40,3,B
10:48:28,1767.40,1,B
10:48:28,1767.60,2,M
10:48:27,1767.60,1,M
10:48:26,1767.40,10,B
10:48:25,1767.60,1,M
10:48:25,1767.60,3,M
10:48:24,1767.50,1,M
10:48:23,1767.50,1,M
10:48:22,1767.40,3,B
10:48:21,1767.70,5,M
10:48:21,1767.40,1,B
10:48:21,1767.40,2,B
10:48:20,1767.50,4,B
10:48:19,1767.50,1,B
10:48:19,1767.50,10,B
10:48:18,1767.70,10,M
10:48:17,1767.40,1,M
10:48:16,1767.40,1,B
10:48:16,1767.70,2,M
10:48:16,1767.50,1,M
10:48:14,1767.70,1,M
10:48:14,1767.70,1,M
10:48:09,1767.70,1,M
10:48:09,1767.70,1,M
10:48:08,1767.70,1,M
10:48:08,1767.70,4,M
10:48:06,1767.60,1,M
10:48:06,1767.60,1,M
10:48:05,1767.40,1,M
10:48:03,1767.40,1,B
10:48:03,1767.50,1,M
10:48:02,1767.40,10,B
10:48:02,1767.40,1,B
10:48:02,1767.40,1,M
10:48:01,1767.40,1,M
10:48:01,1767.40,1,M
10:48:01,1767.30,1,B
10:48:01,1767.30,1,B
10:48:01,1767.30,1,B
10:48:01,1767.30,1,B
10:48:01,1767.30,1,B
10:48:01,1767.30,1,B
10:48:01,1767.30,1,B
10:48:01,1767.30,1,B
10:48:00,1767.30,1,B
10:48:00,1767.30,1,B
10:48:00,1767.40,1,B
10:48:00,1767.40,1,B
10:48:00,1767.40,1,B
10:48:00,1767.90,1,M
10:48:00,1767.50,1,M
10:47:59,1767.00,3,B
10:47:59,1767.50,1,M
10:47:59,1767.40,1,M
10:47:59,1767.40,1,M
10:47:59,1767.30,3,M
10:47:58,1767.00,1,M
10:47:58,1766.80,1,B
10:47:57,1766.80,1,B
10:47:55,1767.30,4,M
10:47:54,1767.30,1,M
10:47:54,1767.00,1,M
10:47:53,1767.30,1,M
10:47:53,1767.30,2,M
10:47:52,1766.80,1,B
10:47:52,1767.00,1,B
10:47:52,1767.00,1,B
10:47:52,1767.30,4,M
10:47:52,1767.00,1,B
10:47:51,1767.10,2,M
10:47:49,1767.10,1,M
10:47:49,1767.10,1,M
10:47:48,1767.10,6,M
10:47:48,1767.20,1,M
10:47:47,1766.80,1,B
10:47:46,1766.80,1,B
10:47:46,1767.20,1,M
10:47:46,1766.80,4,B
10:47:45,1767.10,1,M
10:47:45,1766.90,1,B
10:47:44,1766.80,1,B
10:47:42,1766.80,4,B
10:47:42,1766.80,8,B
10:47:42,1766.80,3,B
10:47:42,1767.10,2,M
10:47:41,1767.10,2,M
10:47:41,1767.10,1,M
10:47:41,1767.00,4,B
10:47:41,1767.00,20,B
10:47:41,1767.10,2,M
10:47:41,1766.90,1,M
10:47:40,1766.50,4,B
10:47:40,1766.50,1,B
10:47:40,1766.50,1,B
10:47:40,1766.50,25,B
10:47:40,1766.50,1,B
10:47:40,1766.50,10,B
10:47:40,1766.50,1,B
10:47:40,1766.50,4,B
10:47:40,1766.60,1,B
10:47:40,1766.60,1,B
10:47:40,1766.60,20,B
10:47:40,1766.70,1,B
10:47:40,1766.70,1,B
10:47:40,1766.80,1,B
10:47:40,1766.80,7,B
10:47:40,1766.90,1,B
10:47:40,1767.10,2,M
10:47:40,1767.00,1,B
10:47:39,1767.10,2,M
10:47:39,1767.10,1,M
10:47:39,1767.10,2,B
10:47:37,1767.40,3,M
10:47:36,1767.40,1,M
10:47:36,1767.40,1,M
10:47:36,1767.40,1,M
10:47:35,1767.40,2,M
10:47:35,1767.40,1,M
10:47:35,1767.30,1,M
10:47:34,1767.40,2,M
10:47:33,1767.30,1,M
10:47:33,1767.40,2,M
10:47:33,1766.80,3,B
10:47:33,1766.90,1,B
10:47:33,1767.00,1,B
10:47:32,1767.40,2,M
10:47:32,1767.30,1,M
10:47:32,1767.00,1,M
10:47:31,1767.30,1,M
10:47:31,1767.20,1,M
10:47:30,1767.30,2,M
10:47:30,1766.60,2,B
10:47:30,1766.60,1,B
10:47:30,1766.80,2,B
10:47:30,1767.40,3,M
10:47:30,1767.00,3,M
10:47:30,1767.30,2,B
10:47:30,1767.40,1,M
10:47:28,1767.50,3,M
10:47:28,1767.30,1,M
10:47:28,1767.00,2,M
10:47:28,1767.10,1,B
10:47:27,1767.10,1,M
10:47:27,1766.60,3,B
10:47:27,1766.60,2,B
10:47:27,1766.60,1,B
10:47:27,1766.70,1,B
10:47:27,1766.70,2,B
10:47:27,1766.80,1,B
10:47:27,1766.80,1,B
10:47:26,1767.30,1,M
10:47:26,1766.80,3,B
10:47:26,1767.30,1,M
10:47:26,1766.80,3,B
10:47:26,1767.00,2,B
10:47:26,1767.30,2,M
10:47:24,1767.10,1,B
10:47:24,1767.30,1,M
10:47:24,1767.30,1,M
10:47:24,1767.10,2,B
10:47:24,1767.20,1,M
10:47:24,1767.10,1,B
10:47:24,1767.00,1,M
10:47:24,1767.00,1,M
10:47:24,1767.00,1,M
10:47:24,1767.00,1,M
10:47:24,1767.00,7,M
10:47:24,1767.00,2,M
10:47:23,1766.80,1,B
10:47:23,1766.90,1,B
10:47:23,1767.00,5,M
10:47:23,1767.00,5,M
10:47:23,1767.00,1,M
10:47:22,1767.00,1,M
10:47:22,1767.00,3,M
10:47:22,1767.00,4,M
10:47:22,1767.00,1,M
10:47:22,1767.00,1,M
10:47:22,1767.00,1,M
10:47:22,1767.00,3,M
10:47:21,1767.00,1,M
10:47:21,1766.80,1,B
10:47:21,1766.80,5,B
10:47:21,1767.00,1,M
10:47:21,1767.00,2,M
10:47:20,1767.00,3,M
10:47:20,1767.00,1,M
10:47:20,1767.00,1,M
10:47:20,1767.00,1,M
10:47:20,1767.00,2,M
10:47:20,1767.00,7,M
10:47:20,1767.00,1,M
10:47:20,1767.00,1,M
10:47:19,1767.00,23,M
10:47:19,1767.00,1,M
10:47:18,1766.90,1,B
10:47:16,1766.50,1,B
10:47:16,1766.50,3,B
10:47:16,1766.60,1,B
10:47:16,1766.60,1,B
10:47:15,1766.60,1,B
10:47:15,1766.60,1,B
10:47:15,1766.60,1,B
10:47:14,1766.60,1,B
10:47:14,1766.60,1,B
10:47:13,1766.60,1,B
10:47:13,1767.00,14,M
10:47:13,1766.90,1,M
10:47:13,1766.90,4,M
10:47:13,1766.90,3,M
10:47:13,1766.90,7,M
10:47:12,1766.90,1,M
10:47:12,1766.60,1,B
10:47:12,1766.90,5,M
10:47:12,1766.80,1,M
10:47:11,1766.50,10,B
10:47:11,1766.50,1,B
10:47:11,1766.80,1,M
10:47:10,1766.50,1,B
10:47:10,1766.50,3,B
10:47:10,1766.60,7,B
10:47:10,1766.60,1,B
10:47:10,1766.60,2,B
10:47:10,1766.60,1,B
10:47:09,1766.90,2,M
10:47:09,1766.90,2,M
10:47:09,1766.80,1,M
10:47:09,1766.80,1,M
10:47:09,1766.80,1,M
10:47:09,1766.80,1,M
10:47:08,1766.80,1,M
10:47:08,1766.50,2,B
10:47:08,1766.50,8,B
10:47:08,1766.70,1,M
10:47:08,1766.70,1,M
10:47:08,1766.50,1,B
10:47:08,1766.80,1,M
10:47:08,1766.80,1,M
10:47:08,1766.20,8,B
10:47:07,1766.40,1,B
10:47:07,1766.40,5,B
10:47:07,1766.40,2,B
10:47:07,1766.40,1,B
10:47:07,1766.80,2,M
10:47:07,1766.40,3,B
10:47:07,1766.50,1,B
10:47:07,1766.50,1,B
10:47:07,1766.40,1,B
10:47:07,1766.40,1,B
10:47:07,1766.40,3,B
10:47:07,1766.40,21,B
10:47:07,1766.40,4,B
10:47:07,1766.40,25,B
10:47:07,1766.50,1,M
10:47:06,1766.40,1,B
10:47:06,1766.20,1,B
10:47:06,1766.20,1,B
10:47:06,1766.20,1,B
10:47:06,1766.20,1,B
10:47:06,1766.30,7,B
10:47:06,1766.30,2,B
10:47:06,1766.30,1,B
10:47:06,1766.30,12,B
10:47:06,1766.30,3,B
10:47:06,1766.30,1,B
10:47:06,1766.30,4,B
10:47:06,1766.30,1,B
10:47:06,1766.30,1,B
10:47:06,1766.30,1,B
10:47:06,1766.30,1,B
10:47:05,1766.30,1,B
10:47:05,1766.30,1,B
10:47:05,1766.50,1,M
10:47:05,1766.50,1,M
10:47:05,1766.30,1,B
10:47:05,1766.30,1,B
10:47:05,1766.30,1,B
10:47:05,1766.30,1,B
10:47:05,1766.30,1,B
10:47:05,1766.40,4,M
10:47:05,1766.30,3,B
10:47:04,1766.30,1,B
10:47:04,1766.30,1,B
10:47:04,1766.30,3,B
10:47:04,1766.30,3,B
10:47:04,1766.30,3,B
10:47:04,1766.30,2,B
10:47:04,1766.30,3,B
10:47:04,1766.30,1,B
10:47:04,1766.30,2,B
10:47:04,1766.30,3,B
10:47:04,1766.30,10,B
10:47:04,1766.30,1,B
10:47:04,1766.30,3,B
10:47:04,1766.30,5,B
10:47:04,1766.30,1,B
10:47:04,1766.30,3,B
10:47:04,1766.30,1,B
10:47:04,1766.30,1,B
10:47:04,1766.50,5,M
10:47:04,1766.30,2,B
10:47:04,1766.30,8,B
10:47:04,1766.30,12,B
10:47:04,1766.30,1,B
10:47:04,1766.30,1,B
10:47:04,1766.40,3,B
10:47:04,1766.40,1,B
10:47:04,1766.40,1,B
10:47:04,1766.40,1,B
10:47:04,1766.40,1,B
10:47:04,1766.40,1,B
10:47:04,1766.40,1,B
10:47:04,1766.40,1,B
10:47:04,1766.40,1,B
10:47:04,1766.40,2,B
10:47:03,1766.40,1,B
10:47:03,1766.50,4,M
10:47:03,1766.40,10,B
10:47:03,1766.40,1,B
10:47:03,1766.40,1,B
10:47:03,1766.40,2,B
10:47:03,1766.40,1,B
10:47:03,1766.40,1,B
10:47:03,1766.40,1,B
10:47:03,1766.50,2,B
10:47:03,1766.50,2,B
10:47:03,1766.50,1,B
10:47:03,1766.50,1,B
10:47:03,1766.50,1,B
10:47:03,1766.50,1,B
10:47:03,1766.50,1,B
10:47:03,1766.50,2,B
10:47:03,1766.50,1,B
10:47:03,1766.50,5,B
10:47:03,1766.50,3,B
10:47:03,1766.50,2,B
10:47:03,1766.50,1,B
10:47:03,1766.50,10,B
10:47:03,1766.50,1,B
10:47:03,1766.50,1,B
10:47:03,1766.50,2,B
10:47:03,1766.50,1,B
10:47:03,1766.50,1,B
10:47:03,1766.50,3,B
10:47:03,1766.50,1,B
10:47:03,1766.50,3,B
10:47:03,1766.50,1,B
10:47:03,1766.50,1,B
10:47:03,1766.50,1,B
10:47:03,1766.50,1,B
10:47:03,1766.50,1,B
10:47:03,1766.50,1,B
10:47:03,1766.50,1,B
10:47:03,1766.50,1,B
10:47:03,1766.50,1,B
10:47:03,1766.50,3,B
10:47:03,1766.50,1,B
10:47:03,1766.50,1,B
10:47:03,1766.50,2,B
10:47:03,1766.50,2,B
10:47:03,1766.50,9,B
10:47:03,1766.50,5,B
10:47:03,1766.50,4,B
10:47:03,1766.50,1,B
10:47:03,1766.50,2,B
10:47:03,1766.60,1,B
10:47:03,1766.60,1,B
10:47:03,1766.60,1,B
10:47:03,1766.60,1,B
10:47:03,1766.60,3,B
10:47:03,1766.60,7,B
10:47:03,1766.60,1,B
10:47:03,1766.60,1,B
10:47:03,1766.60,4,B
10:47:03,1766.60,1,B
10:47:02,1766.60,1,B
10:47:02,1766.60,1,B
10:47:02,1766.60,1,B
10:47:02,1766.60,1,B
10:47:02,1766.60,2,B
10:47:02,1766.60,2,B
10:47:02,1766.60,3,B
10:47:02,1766.60,1,B
10:47:02,1766.60,8,B
10:47:02,1766.60,1,B
10:47:02,1766.60,1,B
10:47:02,1766.60,2,B
10:47:02,1766.60,1,B
10:47:02,1766.60,1,B
10:47:02,1766.60,1,B
10:47:02,1766.60,1,B
10:47:02,1766.60,4,B
10:47:02,1766.60,1,B
10:47:02,1766.60,1,B
10:47:02,1766.60,1,B
10:47:02,1766.70,1,B
10:47:02,1766.70,1,B
10:47:02,1766.70,9,B
10:47:02,1766.70,2,B
10:47:02,1766.70,4,B
10:47:02,1766.80,2,B
10:47:02,1766.80,1,B
10:47:02,1766.80,3,B
10:47:02,1766.80,5,B
10:47:02,1766.80,1,B
10:47:02,1766.80,1,B
10:47:02,1767.00,12,M
10:47:02,1766.80,19,B
10:47:01,1766.80,3,B
10:47:01,1766.80,24,B
10:47:01,1766.80,1,B
10:47:01,1766.80,2,B
10:47:01,1766.80,10,B
10:47:01,1766.80,2,B
10:47:01,1766.80,1,B
10:47:01,1766.80,1,B
10:47:01,1766.80,16,B
10:47:01,1766.80,4,B
10:47:01,1766.80,1,B
10:47:01,1766.80,1,B
10:47:01,1766.90,1,B
10:47:01,1766.90,3,B
10:47:01,1766.90,1,B
10:47:01,1766.90,4,B
10:47:01,1766.90,1,B
10:47:01,1767.00,3,B
10:47:01,1767.00,1,B
10:47:01,1767.00,4,B
10:47:01,1767.00,1,B
10:47:01,1767.00,29,B
10:47:01,1767.00,1,B
10:47:01,1767.00,1,B
10:47:01,1767.00,2,B
10:47:01,1767.00,2,B
10:47:01,1767.00,1,B
10:47:01,1767.00,1,B
10:47:01,1767.00,2,B
10:47:01,1767.00,2,B
10:47:01,1767.00,2,B
10:47:01,1767.00,1,B
10:47:01,1767.00,1,B
10:47:01,1767.00,1,B
10:47:01,1767.00,1,B
10:47:01,1767.00,1,B
10:47:01,1767.00,6,B
10:47:01,1767.00,1,B
10:47:01,1767.00,10,B
10:47:01,1767.00,1,B
10:47:01,1767.00,1,B
10:47:01,1767.00,2,B
10:47:01,1767.00,4,B
10:47:01,1767.00,1,B
10:47:01,1767.00,25,B
10:47:01,1767.00,5,B
10:47:01,1767.00,5,B
10:47:01,1767.00,1,B
10:47:01,1767.00,1,B
10:47:01,1767.00,1,B
10:47:01,1767.00,1,B
10:47:01,1767.00,1,B
10:47:01,1767.00,1,B
10:47:01,1767.00,2,B
10:47:01,1767.00,2,B
10:47:01,1767.00,4,B
10:47:01,1767.00,2,B
10:47:01,1767.00,1,B
10:47:01,1767.00,3,B
10:47:01,1767.00,1,B
10:47:01,1767.00,2,B
10:47:01,1767.00,1,B
10:47:01,1767.00,1,B
10:47:01,1767.10,1,B
10:47:01,1767.10,1,B
10:47:01,1767.10,2,B
10:47:01,1767.10,1,B
10:47:01,1767.10,2,B
10:47:01,1767.10,10,B
10:47:01,1767.10,1,B
10:47:01,1767.10,1,B
10:47:01,1767.10,2,B
10:47:01,1767.10,1,B
10:47:01,1767.10,2,B
10:47:01,1767.10,1,B
10:47:01,1767.10,4,B
10:47:01,1767.10,2,B
10:47:01,1767.10,3,B
10:47:01,1767.10,1,B
10:47:01,1767.20,3,B
10:47:01,1767.20,3,B
10:47:01,1767.20,2,B
10:47:01,1767.20,8,B
10:47:01,1767.20,1,B
10:47:01,1767.20,1,B
10:47:01,1767.20,9,B
10:47:01,1767.20,2,B
10:47:01,1767.30,1,M
10:47:00,1767.20,2,B
10:47:00,1767.20,3,B
10:47:00,1767.30,1,B
10:47:00,1767.30,1,B
10:47:00,1767.30,1,B
10:47:00,1767.30,2,B
10:47:00,1767.30,1,B
10:47:00,1767.50,1,B
10:47:00,1767.50,1,B
10:47:00,1767.50,3,B
10:46:59,1767.50,8,B
10:46:59,1767.70,15,B
10:46:59,1767.80,1,B
10:46:59,1767.80,1,B
10:46:59,1767.80,8,B
10:46:59,1767.90,1,B
10:46:59,1767.90,1,M
10:46:58,1767.80,5,B
10:46:57,1767.90,19,B
10:46:57,1767.90,1,B
10:46:55,1768.00,1,M
10:46:54,1767.90,3,M
10:46:54,1767.90,2,M
10:46:54,1767.90,1,M
10:46:53,1768.10,1,M
10:46:52,1767.90,1,B
10:46:49,1767.90,1,B
10:46:49,1767.90,1,B
10:46:49,1767.90,1,B
10:46:48,1768.20,1,M
10:46:48,1767.90,1,B
10:46:46,1767.90,1,M
10:46:46,1767.80,1,B
10:46:46,1767.80,4,M
10:46:45,1767.30,1,B
10:46:45,1767.30,1,B
10:46:45,1767.40,1,B
10:46:45,1767.50,1,B
10:46:45,1768.00,1,M
10:46:44,1767.30,1,B
10:46:44,1767.30,1,B
10:46:44,1767.40,1,B
10:46:44,1767.40,1,B
10:46:44,1768.10,1,M
10:46:44,1768.20,1,M
10:46:44,1768.20,1,M
10:46:44,1767.30,5,B
10:46:44,1767.20,7,B
10:46:44,1767.20,1,B
10:46:44,1767.20,2,B
10:46:44,1767.20,1,B
10:46:44,1767.30,1,B
10:46:44,1767.30,1,B
10:46:44,1767.30,1,B
10:46:44,1767.30,2,B
10:46:44,1767.30,4,B
10:46:44,1767.30,3,B
10:46:44,1767.40,1,B
10:46:44,1767.40,3,B
10:46:44,1767.40,4,B
10:46:44,1767.40,3,B
10:46:44,1767.40,2,B
10:46:44,1767.50,1,B
10:46:44,1767.50,5,B
10:46:43,1767.50,1,B
10:46:43,1767.50,1,B
10:46:43,1767.70,1,B
10:46:43,1767.50,2,B
10:46:43,1767.60,3,B
10:46:43,1767.60,3,B
10:46:43,1767.60,12,B
10:46:43,1768.50,2,M
10:46:43,1768.10,9,M
10:46:43,1767.80,9,M
10:46:43,1767.50,2,B
10:46:43,1767.50,1,B
10:46:42,1767.50,1,B
10:46:42,1767.50,2,B
10:46:42,1767.60,3,B
10:46:42,1767.60,2,B
10:46:42,1767.60,1,B
10:46:42,1767.60,1,B
10:46:42,1767.60,2,B
10:46:42,1767.60,1,B
10:46:42,1767.60,1,B
10:46:42,1767.60,3,B
10:46:42,1767.60,1,B
10:46:41,1767.80,1,M
10:46:39,1767.80,1,B
10:46:39,1767.90,6,M
10:46:39,1767.80,1,B
10:46:39,1767.80,19,B
10:46:39,1767.80,11,B
10:46:39,1767.80,3,B
10:46:39,1767.80,2,B
10:46:39,1767.80,1,B
10:46:39,1767.80,3,B
10:46:39,1767.80,1,B
10:46:39,1767.90,4,B
10:46:39,1767.90,12,B
10:46:39,1768.00,2,B
10:46:39,1768.00,1,B
10:46:39,1768.00,2,B
10:46:39,1768.00,1,B
10:46:39,1768.00,2,B
10:46:39,1768.00,1,B
10:46:39,1768.00,2,B
10:46:39,1768.00,1,B
10:46:39,1768.00,1,B
10:46:38,1768.00,1,B
10:46:38,1768.00,2,B
10:46:38,1768.00,3,B
10:46:38,1768.00,1,B
10:46:38,1768.00,5,B
10:46:38,1768.00,3,B
10:46:38,1768.00,2,B
10:46:38,1768.10,7,B
10:46:38,1768.10,1,B
10:46:38,1768.10,1,B
10:46:38,1768.10,1,B
10:46:38,1768.10,2,B
10:46:38,1768.10,10,B
10:46:38,1768.10,10,B
10:46:38,1768.10,1,B
10:46:38,1768.10,1,B
10:46:33,1768.50,1,B
10:46:31,1768.10,1,B
10:46:31,1768.20,5,B
10:46:31,1768.20,1,B
10:46:31,1768.20,1,B
10:46:31,1768.20,1,B
10:46:31,1768.20,1,B
10:46:31,1768.30,1,B
10:46:31,1768.80,1,M
10:46:29,1768.40,1,B
10:46:29,1768.90,1,M
10:46:28,1768.90,1,M
10:46:28,1768.90,1,M
10:46:25,1768.80,1,M
10:46:23,1768.80,16,B
10:46:23,1768.80,1,B
10:46:20,1768.90,2,M
10:46:19,1768.80,3,M
10:46:18,1768.80,1,M
10:46:17,1768.50,3,M
10:46:17,1768.50,1,M
10:46:16,1768.30,1,B
10:46:16,1768.40,1,B
10:46:16,1768.40,4,B
10:46:16,1768.50,4,B
10:46:16,1769.00,2,M
10:46:15,1769.00,1,M
10:46:15,1768.60,1,M
10:46:15,1768.60,2,M
10:46:15,1768.60,3,B
10:46:15,1768.60,3,B
10:46:15,1768.60,1,B
10:46:14,1769.00,1,M
10:46:14,1768.80,1,M
10:46:13,1768.60,2,B
10:46:11,1768.80,1,M
10:46:11,1768.80,1,M
10:46:10,1768.80,2,M
10:46:06,1768.60,1,B
10:45:59,1768.80,1,M
10:45:55,1768.80,1,M
10:45:55,1768.80,2,B
10:45:55,1768.80,1,B
10:45:55,1768.90,5,M
10:45:54,1768.90,1,M
10:45:54,1768.90,1,M
10:45:54,1768.90,1,M
10:45:53,1768.90,1,M
10:45:53,1768.90,1,M
10:45:53,1768.90,2,M
10:45:52,1768.90,2,M
10:45:50,1769.00,26,M
10:45:50,1768.90,4,M
10:45:49,1769.00,4,M
10:45:49,1768.90,6,M
10:45:49,1768.90,3,M
10:45:47,1768.90,4,M
10:45:47,1768.90,1,M
10:45:44,1768.90,1,M
10:45:43,1768.60,1,M
10:45:41,1768.70,1,M
10:45:41,1768.70,1,M
10:45:38,1768.30,1,B
10:45:38,1768.30,1,B
10:45:38,1768.80,1,M
10:45:35,1768.20,1,M
10:45:34,1768.20,1,M
10:45:34,1768.20,1,M
10:45:32,1768.20,1,B
10:45:31,1768.60,1,B
10:45:31,1768.60,1,M
10:45:29,1768.60,1,B
10:45:29,1768.60,2,B
10:45:29,1768.60,5,B
10:45:27,1768.60,1,B
10:45:27,1768.60,1,B
10:45:26,1768.90,1,M
10:45:24,1768.60,16,B
10:45:24,1768.90,1,M
10:45:24,1768.70,1,M
10:45:24,1768.90,3,M
10:45:24,1768.80,3,M
10:45:24,1768.60,21,M
10:45:23,1768.30,4,B
10:45:23,1768.30,2,B
10:45:23,1768.60,1,M
10:45:23,1768.60,3,M
10:45:23,1768.50,1,M
10:45:22,1768.10,2,B
10:45:22,1768.10,1,B
10:45:22,1768.20,1,B
10:45:21,1768.50,1,M
10:45:21,1768.00,13,B
10:45:21,1768.00,2,B
10:45:21,1768.00,1,B
10:45:21,1768.00,25,B
10:45:18,1768.50,1,M
10:45:17,1768.00,11,B
10:45:17,1768.10,1,B
10:45:17,1768.10,3,B
10:45:16,1768.10,1,B
10:45:16,1768.10,1,B
10:45:16,1768.10,1,B
10:45:16,1768.20,1,B
10:45:16,1768.50,2,B
10:45:16,1768.50,1,B
10:45:16,1768.80,1,M
10:45:13,1768.80,2,M
10:45:13,1768.80,1,M
10:45:12,1768.80,3,M
10:45:12,1768.70,1,M
10:45:12,1768.70,1,M
10:45:10,1768.80,3,M
10:45:10,1768.80,12,M
10:45:10,1768.00,10,M
10:45:10,1768.00,3,M
10:45:10,1768.00,1,M
10:45:09,1768.00,1,M
10:45:09,1768.00,1,B
10:45:09,1768.00,2,B
10:45:09,1768.00,1,B
10:45:09,1768.00,10,B
10:45:09,1768.00,1,B
10:45:09,1768.00,1,B
10:45:09,1768.00,2,B
10:45:09,1768.10,1,B
10:45:09,1768.20,1,B
10:45:09,1768.30,1,B
10:45:09,1768.30,1,B
10:45:09,1768.40,3,B
10:45:09,1768.90,4,M
10:45:09,1768.80,1,M
10:45:08,1768.40,1,B
10:45:07,1768.90,1,M
10:45:06,1768.50,1,M
10:45:06,1768.50,1,M
10:45:06,1768.50,1,M
10:45:06,1768.50,1,M
10:45:06,1768.50,1,M
10:45:05,1768.50,1,M
10:45:05,1768.30,1,B
10:45:05,1768.30,1,B
10:45:05,1768.30,1,B
10:45:04,1768.50,1,M
10:45:03,1768.30,3,M
10:45:02,1768.50,1,M
10:45:02,1768.50,1,M
10:45:02,1768.30,1,M
10:45:01,1768.30,1,M
10:45:00,1768.50,2,M
10:45:00,1768.20,10,B
10:45:00,1768.50,1,M
10:45:00,1768.30,8,M
10:44:58,1768.30,2,M
10:44:58,1768.20,3,B
10:44:57,1768.40,1,M
10:44:56,1768.40,1,M
10:44:55,1768.40,3,B
10:44:55,1768.50,2,M
10:44:55,1768.40,1,B
10:44:54,1768.60,1,M
10:44:54,1768.60,1,M
10:44:54,1768.60,1,M
10:44:53,1768.60,4,B
10:44:53,1768.60,2,B
10:44:52,1768.80,1,M
10:44:51,1768.60,1,B
10:44:51,1768.90,1,B
10:44:50,1769.10,3,B
10:44:50,1769.20,1,M
10:44:50,1769.20,1,M
10:44:48,1769.30,3,M
10:44:45,1769.20,4,B
10:44:44,1769.20,7,B
10:44:43,1768.90,5,B
10:44:42,1769.30,1,M
10:44:40,1769.30,1,M
10:44:40,1769.40,1,M
10:44:40,1769.40,1,M
10:44:39,1768.80,3,B
10:44:39,1769.10,1,B
10:44:39,1769.10,1,B
10:44:38,1769.50,1,M
10:44:38,1769.50,1,M
10:44:38,1769.90,3,M
10:44:38,1769.80,1,M
10:44:38,1769.70,1,M
10:44:38,1769.60,1,M
10:44:38,1769.60,4,M
10:44:38,1769.00,1,M
10:44:38,1768.70,20,M
10:44:38,1768.40,1,M
10:44:38,1768.40,1,M
10:44:37,1768.30,1,M
10:44:37,1768.30,1,M
10:44:37,1768.20,1,B
10:44:37,1768.20,1,B
10:44:37,1768.20,1,B
10:44:37,1768.20,1,M
10:44:37,1768.20,1,M
10:44:36,1768.00,5,B
10:44:36,1767.80,4,B
10:44:36,1767.90,1,B
10:44:36,1768.00,1,B
10:44:35,1768.00,1,B
10:44:35,1768.40,1,M
10:44:34,1767.90,1,B
10:44:34,1767.90,1,B
10:44:33,1768.50,1,M
10:44:33,1767.80,14,B
10:44:33,1767.90,1,B
10:44:33,1767.80,2,B
10:44:33,1767.80,1,B
10:44:33,1768.00,6,B
10:44:33,1768.00,1,M
10:44:33,1768.00,1,M
10:44:33,1767.90,1,M
10:44:33,1767.90,3,M
10:44:33,1767.80,1,B
10:44:33,1767.80,4,B
10:44:33,1767.80,10,B
10:44:33,1767.80,7,B
10:44:33,1767.80,1,B
10:44:32,1767.80,2,B
10:44:32,1767.80,1,B
10:44:32,1767.80,1,B
10:44:32,1767.80,2,B
10:44:32,1767.80,10,B
10:44:32,1767.90,4,B
10:44:31,1768.00,1,B
10:44:31,1768.00,1,B
10:44:31,1768.00,1,B
10:44:31,1768.00,5,B
10:44:31,1768.00,1,B
10:44:31,1768.00,1,B
10:44:31,1768.00,1,B
10:44:31,1768.00,1,B
10:44:31,1768.00,2,B
10:44:31,1768.00,3,B
10:44:31,1768.00,1,B
10:44:31,1768.00,1,B
10:44:31,1768.00,1,B
10:44:31,1768.00,5,B
10:44:31,1768.00,3,B
10:44:31,1768.00,1,B
10:44:31,1768.00,2,B
10:44:31,1768.00,1,B
10:44:31,1768.00,1,B
10:44:31,1768.00,1,B
10:44:31,1768.00,2,B
10:44:31,1768.00,1,B
10:44:31,1768.00,1,B
10:44:31,1768.00,3,B
10:44:30,1768.00,1,B
10:44:30,1768.00,2,B
10:44:30,1768.00,34,B
10:44:30,1768.00,1,B
10:44:30,1768.10,1,M
10:44:30,1768.00,1,B
10:44:30,1768.00,1,B
10:44:30,1768.00,1,B
10:44:30,1768.00,13,B
10:44:30,1768.10,12,B
10:44:29,1768.00,1,B
10:44:29,1768.00,1,B
10:44:29,1768.00,1,B
10:44:29,1768.00,1,B
10:44:29,1768.00,25,B
10:44:29,1768.00,1,B
10:44:29,1768.00,1,B
10:44:29,1768.00,1,B
10:44:29,1768.00,1,B
10:44:29,1768.00,1,B
10:44:29,1768.00,1,B
10:44:28,1768.00,10,B
10:44:28,1768.00,1,B
10:44:28,1768.00,2,B
10:44:28,1768.00,1,B
10:44:28,1768.00,1,B
10:44:28,1768.00,1,B
10:44:28,1768.00,14,B
10:44:28,1768.00,30,B
10:44:28,1768.00,1,B
10:44:28,1768.00,5,B
10:44:28,1768.00,20,B
10:44:28,1768.00,2,B
10:44:28,1768.00,1,B
10:44:28,1768.00,2,B
10:44:28,1768.10,1,B
10:44:28,1768.10,20,B
10:44:28,1768.10,3,B
10:44:28,1768.10,1,B
10:44:28,1768.10,1,B
10:44:28,1768.10,2,B
10:44:28,1768.10,1,B
10:44:28,1768.10,1,B
10:44:28,1768.10,3,B
10:44:28,1768.10,2,B
10:44:28,1768.10,1,B
10:44:28,1768.10,1,B
10:44:28,1768.20,1,B
10:44:28,1768.20,6,B
10:44:28,1768.20,1,B
10:44:28,1768.20,20,B
10:44:28,1768.20,20,B
10:44:28,1768.30,20,B
10:44:28,1768.40,1,B
10:44:28,1768.40,1,B
10:44:28,1768.50,2,B
10:44:28,1768.60,1,M
10:44:27,1768.50,1,B
10:44:27,1768.50,1,B
10:44:27,1768.50,21,B
10:44:27,1768.50,7,B
10:44:27,1768.80,1,M
10:44:26,1768.50,22,B
10:44:26,1768.60,8,B
10:44:26,1768.60,2,B
10:44:26,1768.80,2,B
10:44:26,1769.00,1,M
10:44:26,1769.00,1,B
10:44:25,1769.00,1,B
10:44:25,1769.10,3,B
10:44:25,1768.90,1,B
10:44:25,1769.70,1,M
10:44:25,1769.50,1,M
10:44:25,1769.30,1,M
10:44:25,1768.80,1,B
10:44:25,1769.00,1,B
10:44:24,1769.10,1,B
10:44:22,1769.10,6,B
10:44:21,1769.30,1,B
10:44:21,1769.30,1,B
10:44:21,1769.30,8,B
10:44:20,1769.30,2,B
10:44:19,1769.30,1,B
10:44:19,1769.40,4,B
10:44:18,1769.50,1,B
10:44:18,1769.90,1,M
10:44:18,1769.80,3,B
10:44:18,1769.80,8,B
10:44:18,1769.40,1,B
10:44:18,1769.40,1,B
10:44:17,1769.30,1,B
10:44:16,1770.10,1,M
10:44:16,1769.20,1,B
10:44:15,1769.30,1,B
10:44:14,1769.60,1,B
10:44:14,1770.10,1,B
10:44:13,1770.10,1,B
10:44:13,1770.60,8,M
10:44:13,1770.50,1,M
10:44:12,1770.50,1,M
10:44:11,1770.30,1,M
10:44:10,1770.60,7,M
10:44:09,1770.00,1,M
10:44:09,1770.00,1,M
10:44:08,1769.60,1,B
10:44:07,1769.60,2,M
10:44:07,1769.10,2,B
10:44:07,1769.50,1,M
10:44:06,1769.60,2,M
10:44:06,1769.50,1,M
10:44:04,1769.50,7,B
10:44:02,1769.50,1,M
10:44:02,1769.50,1,M
10:44:02,1769.50,1,M
10:44:02,1769.50,1,M
10:44:02,1769.60,7,M
10:43:59,1769.50,1,M
10:43:59,1769.40,1,M
10:43:59,1769.00,1,M
10:43:59,1769.00,11,M
10:43:59,1768.50,10,B
10:43:57,1769.00,1,M
10:43:57,1769.00,3,M
10:43:57,1769.00,16,M
10:43:57,1768.80,2,M
10:43:57,1768.60,6,M
10:43:56,1768.50,5,B
10:43:56,1768.60,1,M
10:43:55,1768.50,1,B
10:43:55,1768.50,3,M
10:43:55,1768.20,1,B
10:43:54,1768.20,1,B
10:43:54,1768.60,1,M
10:43:54,1768.50,1,M
10:43:53,1768.20,1,B
10:43:53,1768.20,1,B
10:43:53,1768.20,1,B
10:43:53,1768.20,1,B
10:43:53,1768.20,1,B
10:43:53,1768.20,6,B
10:43:53,1768.20,1,B
10:43:53,1768.20,1,B
10:43:53,1768.20,1,B
10:43:53,1768.20,1,B
10:43:53,1768.20,1,B
10:43:53,1768.20,1,B
10:43:52,1768.30,1,B
10:43:52,1768.30,1,B
10:43:52,1768.30,2,B
10:43:52,1768.30,1,B
10:43:52,1768.30,1,B
10:43:52,1768.40,1,B
10:43:52,1768.50,10,B
10:43:52,1768.50,5,B
10:43:52,1768.60,1,B
10:43:52,1768.60,2,B
10:43:52,1768.60,1,B
10:43:52,1768.60,2,B
10:43:52,1768.60,2,B
10:43:52,1768.70,1,B
10:43:52,1768.80,1,B
10:43:51,1769.00,2,M
10:43:51,1768.80,1,B
10:43:51,1769.00,1,M
10:43:51,1769.00,1,M
10:43:51,1768.90,2,M
10:43:51,1768.90,2,M
10:43:50,1768.90,1,B
10:43:50,1768.90,1,B
10:43:50,1769.00,7,M
10:43:50,1769.00,2,B
10:43:50,1769.00,1,B
10:43:50,1769.00,2,B
10:43:50,1769.10,3,B
10:43:48,1769.30,8,B
10:43:48,1769.40,1,M
10:43:48,1769.00,8,B
10:43:48,1769.00,4,B
10:43:48,1769.00,2,B
10:43:48,1769.00,1,B
10:43:48,1769.00,2,B
10:43:48,1769.00,1,B
10:43:48,1769.00,5,B
10:43:48,1769.00,2,B
10:43:48,1769.00,1,B
10:43:48,1769.00,1,B
10:43:48,1769.00,1,B
10:43:48,1769.00,5,B
10:43:48,1769.00,2,B
10:43:48,1769.10,2,B
10:43:48,1769.30,1,B
10:43:48,1769.40,2,B
10:43:48,1769.40,1,B
10:43:48,1769.90,2,M
10:43:48,1769.80,1,M
10:43:48,1769.80,2,M
10:43:47,1769.80,1,M
10:43:46,1769.40,1,M
10:43:45,1769.00,1,B
10:43:43,1769.10,1,B
10:43:42,1769.40,1,B
10:43:42,1769.80,1,M
10:43:42,1769.50,1,M
10:43:41,1769.50,1,M
10:43:40,1769.00,2,B
10:43:40,1769.00,1,B
10:43:40,1769.00,2,B
10:43:40,1769.00,2,B
10:43:40,1769.00,1,B
10:43:40,1769.00,1,B
10:43:40,1769.00,1,B
10:43:40,1769.00,3,B
10:43:40,1769.10,8,B
10:43:40,1769.10,9,B
10:43:40,1769.10,1,B
10:43:40,1769.10,3,B
10:43:40,1769.10,2,B
10:43:40,1769.10,1,B
10:43:40,1769.10,1,B
10:43:40,1769.10,1,B
10:43:40,1769.10,1,B
10:43:40,1769.10,1,B
10:43:40,1769.10,1,B
10:43:40,1769.10,1,B
10:43:40,1769.10,1,B
10:43:40,1769.20,11,B
10:43:40,1769.30,4,B
10:43:40,1769.20,1,B
10:43:40,1769.20,25,B
10:43:40,1769.70,1,B
10:43:40,1769.70,4,M
10:43:40,1769.20,2,B
10:43:40,1769.20,11,B
10:43:40,1769.30,7,B
10:43:40,1769.30,1,B
10:43:40,1769.30,6,B
10:43:39,1769.30,3,B
10:43:39,1769.30,16,B
10:43:39,1769.30,5,B
10:43:39,1769.50,2,B
10:43:39,1769.50,2,B
10:43:39,1769.90,1,M
10:43:38,1769.50,1,B
10:43:38,1769.50,2,B
10:43:38,1769.50,1,B
10:43:38,1769.50,1,B
10:43:38,1769.50,1,B
10:43:38,1769.50,5,B
10:43:38,1769.60,1,B
10:43:38,1769.60,5,B
10:43:38,1769.60,2,B
10:43:38,1769.60,1,B
10:43:38,1769.60,1,B
10:43:38,1769.70,2,B
10:43:38,1770.00,1,B
10:43:38,1770.00,1,B
10:43:38,1770.00,3,B
10:43:37,1770.00,19,B
10:43:37,1770.10,1,B
10:43:37,1770.30,1,M
10:43:36,1770.00,1,B
10:43:36,1770.10,1,B
10:43:36,1770.10,1,B
10:43:33,1770.00,2,B
10:43:30,1769.70,2,B
10:43:30,1770.10,1,B
10:43:30,1770.40,2,B
10:43:30,1770.70,2,M
10:43:30,1770.40,1,B
10:43:30,1770.40,2,M
10:43:30,1770.00,20,M
10:43:30,1770.00,3,B
10:43:30,1770.00,1,B
10:43:30,1770.00,1,B
10:43:30,1770.00,1,B
10:43:30,1770.00,2,B
10:43:30,1770.00,1,B
10:43:30,1770.00,10,B
10:43:30,1770.10,1,B
10:43:30,1770.10,10,B
10:43:30,1770.10,1,B
10:43:30,1770.10,1,B
10:43:30,1770.10,1,B
10:43:30,1770.20,2,B
10:43:29,1770.40,2,M
10:43:29,1770.30,12,B
10:43:29,1770.20,1,B
10:43:28,1770.50,1,M
10:43:28,1770.40,1,B
10:43:27,1770.10,1,B
10:43:27,1770.20,1,B
10:43:27,1770.20,1,B
10:43:27,1770.30,1,B
10:43:27,1770.30,1,B
10:43:27,1770.30,2,B
10:43:27,1770.40,12,B
10:43:27,1770.50,1,B
10:43:27,1770.50,2,B
10:43:27,1770.60,1,B
10:43:27,1770.70,2,B
10:43:27,1770.70,2,B
10:43:25,1771.10,1,M
10:43:24,1771.20,10,B
10:43:22,1771.20,1,B
10:43:22,1771.20,1,B
10:43:20,1771.20,12,B
10:43:18,1771.20,1,B
10:43:14,1770.90,1,B
10:43:13,1770.90,24,B
10:43:13,1770.90,1,M
10:43:13,1770.70,21,B
10:43:13,1770.70,1,B
10:43:12,1770.90,1,M
10:43:11,1771.00,1,M
10:43:09,1770.30,4,B
10:43:09,1770.40,10,B
10:43:09,1770.50,1,B
10:43:09,1770.50,1,B
10:43:09,1770.50,1,B
10:43:09,1771.00,1,B
10:43:09,1771.00,1,B
10:43:09,1771.10,1,B
10:43:08,1771.30,17,B
10:43:08,1771.50,2,B
10:43:08,1771.50,1,B
10:43:06,1771.60,1,B
10:43:05,1771.90,10,M
10:43:04,1771.90,3,M
10:43:04,1771.90,1,M
10:43:04,1771.90,1,M
10:43:04,1771.90,1,M
10:43:03,1771.90,1,M
10:43:02,1771.90,1,M
10:43:01,1771.90,1,M
10:43:00,1771.90,10,M
10:43:00,1771.90,1,M
10:42:59,1771.90,4,M
10:42:58,1771.90,1,M
10:42:57,1772.00,2,B
10:42:57,1772.30,1,M
10:42:57,1772.30,2,M
10:42:57,1772.20,1,M
10:42:57,1772.00,1,M
10:42:57,1772.00,1,M
10:42:57,1772.00,10,M
10:42:57,1772.00,4,M
10:42:57,1771.50,2,B
10:42:57,1772.00,1,M
10:42:57,1772.00,5,M
10:42:57,1772.00,1,M
10:42:57,1772.00,1,M
10:42:57,1772.00,2,M
10:42:57,1772.00,1,M
10:42:56,1772.00,1,M
10:42:56,1772.00,1,M
10:42:56,1772.00,2,M
10:42:56,1772.00,5,M
10:42:56,1772.00,1,M
10:42:56,1772.00,1,M
10:42:56,1772.00,1,M
10:42:56,1772.00,1,M
10:42:56,1772.00,1,M
10:42:55,1772.00,1,M
10:42:55,1772.00,8,M
10:42:55,1772.00,5,M
10:42:55,1771.90,1,M
10:42:55,1771.90,1,M
10:42:55,1771.90,6,M
10:42:55,1771.80,8,M
10:42:55,1771.80,4,M
10:42:55,1771.70,1,M
10:42:51,1771.40,1,B
10:42:50,1771.90,4,M
10:42:50,1771.80,1,M
10:42:50,1771.70,1,M
10:42:50,1771.70,13,M
10:42:50,1771.50,1,M
10:42:50,1771.50,4,M
10:42:50,1771.50,2,M
10:42:50,1771.30,1,B
10:42:48,1771.70,1,M
10:42:46,1771.70,2,M
10:42:46,1771.70,1,M
10:42:45,1771.50,1,M
10:42:45,1771.50,1,M
10:42:45,1771.50,2,M
10:42:45,1771.50,1,M
10:42:43,1771.10,2,B
10:42:42,1771.50,1,M
10:42:40,1771.50,1,M
10:42:38,1771.50,4,M
10:42:38,1771.10,5,M
10:42:38,1771.00,1,M
10:42:32,1771.00,3,B
10:42:32,1771.00,3,B
10:42:32,1771.10,4,M
10:42:32,1771.00,1,M
10:42:30,1771.00,1,M
10:42:27,1770.50,2,B
10:42:27,1771.00,2,B
10:42:27,1771.00,1,B
10:42:27,1771.00,1,B
10:42:27,1771.00,4,B
10:42:26,1771.20,1,B
10:42:26,1771.20,3,B
10:42:26,1771.20,1,B
10:42:26,1771.20,2,B
10:42:26,1771.20,1,B
10:42:26,1771.20,1,B
10:42:26,1771.40,1,B
10:42:26,1771.40,1,B
10:42:26,1771.50,2,B
10:42:26,1771.50,4,B
10:42:25,1771.60,1,B
10:42:24,1771.50,5,B
10:42:23,1771.50,1,B
10:42:23,1771.50,3,B
10:42:22,1771.70,5,M
10:42:15,1771.20,1,B
10:42:15,1771.10,1,B
10:42:13,1771.90,2,M
10:42:13,1771.80,3,M
10:42:13,1771.70,1,M
10:42:13,1771.70,1,M
10:42:13,1771.70,12,M
10:42:13,1771.60,1,M
10:42:13,1771.40,4,M
10:42:13,1771.00,1,M
10:42:13,1771.00,1,M
10:42:13,1770.90,3,M
10:42:13,1770.90,1,M
10:42:11,1770.90,1,M
10:42:10,1770.90,1,M
10:42:08,1771.00,2,M
10:42:07,1771.00,1,M
10:42:07,1770.90,1,M
10:42:07,1770.60,1,B
10:42:07,1770.90,1,M
10:42:07,1771.00,1,M
10:42:06,1770.20,1,M
10:42:06,1770.10,2,M
10:42:06,1770.00,2,B
10:42:06,1770.00,1,B
10:42:06,1770.00,1,B
10:42:06,1770.00,1,B
10:42:06,1770.10,1,B
10:42:06,1770.30,1,B
10:42:06,1770.30,1,B
10:42:04,1770.20,2,B
10:42:04,1770.20,3,B
10:42:04,1770.20,3,B
10:42:04,1770.20,12,B
10:42:04,1771.80,25,M
10:42:04,1771.80,5,M
10:42:04,1771.70,5,M
10:42:04,1771.50,1,M
10:42:04,1771.40,1,M
10:42:04,1771.40,1,M
10:42:04,1771.40,1,M
10:42:04,1771.40,1,M
10:42:04,1771.40,2,M
10:42:04,1771.40,1,M
10:42:04,1771.40,1,M
10:42:04,1771.40,1,M
10:42:04,1771.40,1,M
10:42:04,1771.40,1,M
10:42:04,1771.40,1,M
10:42:04,1771.40,1,M
10:42:04,1771.40,2,M
10:42:04,1771.40,1,M
10:42:04,1771.40,1,M
10:42:04,1771.40,1,M
10:42:04,1771.20,1,M
10:42:04,1771.00,1,M
10:42:04,1770.90,5,M
10:42:04,1770.80,4,M
10:42:04,1770.70,1,M
10:42:04,1770.70,1,M
10:42:04,1770.70,1,M
10:42:04,1770.60,1,M
10:42:04,1770.60,1,M
10:42:02,1770.70,1,M
10:42:02,1770.70,1,M
10:42:02,1770.70,1,M
10:42:02,1770.70,1,M
10:42:01,1770.70,1,M
10:42:00,1770.20,1,B
10:42:00,1770.70,3,M
10:41:59,1770.20,1,B
10:41:59,1770.60,1,M
10:41:59,1770.20,2,B
10:41:59,1770.70,2,B
10:41:59,1770.80,1,B
10:41:59,1770.80,1,B
10:41:59,1770.70,3,B
10:41:59,1770.70,1,B
10:41:59,1770.70,1,B
10:41:56,1771.50,1,M
10:41:56,1771.20,3,M
10:41:56,1771.00,1,M
10:41:56,1770.90,4,B
10:41:56,1771.20,1,M
10:41:56,1771.00,1,B
10:41:56,1771.20,3,M
10:41:55,1771.20,1,B
10:41:53,1771.20,1,B
10:41:53,1771.20,1,B
10:41:52,1771.10,1,B
10:41:52,1771.80,17,M
10:41:52,1771.60,4,M
10:41:52,1771.50,8,M
10:41:52,1771.40,1,M
10:41:51,1771.30,1,B
10:41:49,1771.30,1,M
10:41:49,1771.20,2,B
10:41:46,1771.20,1,B
10:41:45,1771.20,1,B
10:41:44,1771.30,1,M
10:41:44,1771.30,1,M
10:41:44,1771.30,4,M
10:41:44,1771.10,1,B
10:41:43,1771.30,5,M
10:41:42,1771.30,1,M
10:41:42,1771.10,2,B
10:41:41,1771.60,6,M
10:41:41,1771.60,2,M
10:41:41,1771.50,2,M
10:41:40,1771.60,3,M
10:41:40,1771.50,1,M
10:41:40,1771.50,4,M
10:41:40,1771.00,1,M
10:41:40,1771.00,11,M
10:41:40,1771.00,1,M
10:41:40,1771.00,5,M
10:41:39,1771.00,5,M
10:41:39,1771.00,1,M
10:41:39,1771.00,2,M
10:41:39,1771.00,12,M
10:41:39,1771.00,10,M
10:41:38,1771.00,13,M
10:41:38,1771.00,25,M
10:41:38,1771.00,13,M
10:41:37,1771.00,5,M
10:41:37,1771.00,2,M
10:41:37,1771.00,4,M
10:41:36,1771.00,20,M
10:41:36,1771.00,20,M
10:41:36,1771.00,10,M
10:41:35,1771.00,22,M
10:41:34,1771.00,30,M
10:41:34,1771.00,30,M
10:41:34,1771.00,30,M
10:41:34,1770.80,1,B
10:41:34,1771.00,20,M
10:41:33,1771.00,20,M
10:41:33,1771.00,4,M
10:41:33,1771.00,5,M
10:41:32,1771.00,3,M
10:41:32,1771.00,2,M
10:41:32,1770.90,1,M
10:41:32,1770.90,10,M
10:41:32,1770.90,17,M
10:41:32,1770.90,1,M
10:41:32,1770.90,2,M
10:41:32,1770.90,2,M
10:41:32,1770.80,2,M
10:41:32,1770.80,5,M
10:41:32,1770.80,1,M
10:41:32,1770.80,2,M
10:41:32,1770.80,9,M
10:41:32,1770.80,1,M
10:41:32,1770.70,7,M
10:41:32,1770.70,12,M
10:41:32,1770.60,1,M
10:41:30,1770.50,1,M
10:41:30,1770.40,3,M
10:41:29,1770.40,1,M
10:41:29,1770.00,3,M
10:41:29,1770.00,1,M
10:41:29,1770.00,1,M
10:41:23,1769.70,1,M
10:41:23,1769.60,10,M
10:41:22,1769.60,10,M
10:41:22,1769.60,2,M
10:41:22,1769.60,3,M
10:41:22,1769.60,1,M
10:41:22,1769.60,1,M
10:41:21,1769.50,1,B
10:41:21,1769.50,15,B
10:41:21,1769.50,30,B
10:41:19,1769.60,17,B
10:41:19,1769.70,1,B
10:41:18,1769.90,1,M
10:41:17,1769.50,4,B
10:41:15,1770.00,2,M
10:41:15,1770.00,17,M
10:41:15,1770.00,17,M
10:41:15,1770.00,4,M
10:41:15,1769.50,1,B
10:41:14,1769.50,3,B
10:41:14,1769.50,17,B
10:41:14,1769.50,5,B
10:41:14,1769.50,1,B
10:41:14,1769.60,6,B
10:41:14,1769.60,1,B
10:41:14,1769.90,4,M
10:41:14,1769.70,6,B
10:41:13,1769.70,3,B
10:41:13,1769.70,18,B
10:41:13,1769.70,12,B
10:41:12,1770.00,5,M
10:41:11,1770.00,5,M
10:41:11,1770.00,3,M
10:41:11,1770.00,17,M
10:41:11,1770.00,4,M
10:41:11,1770.00,1,M
10:41:11,1770.00,1,M
10:41:11,1770.00,3,B
10:41:11,1770.00,3,B
10:41:11,1770.10,4,B
10:41:11,1770.10,1,B
10:41:10,1770.70,1,B
10:41:10,1770.80,4,M
10:41:10,1770.80,5,M
10:41:10,1770.80,5,M
10:41:10,1770.50,2,M
10:41:10,1770.40,5,M
10:41:10,1770.40,5,M
10:41:10,1770.30,1,M
10:41:10,1770.20,2,M
10:41:10,1770.10,1,M
10:41:10,1770.10,1,M
10:41:08,1769.70,1,B
10:41:03,1769.60,1,B
10:41:01,1769.60,1,B
10:41:01,1769.60,1,B
10:41:01,1769.60,1,B
10:41:01,1769.60,1,B
10:40:59,1770.00,1,B
10:40:56,1769.50,1,B
10:40:55,1770.00,13,B
10:40:55,1770.20,2,M
10:40:55,1770.20,3,M
10:40:54,1770.10,3,B
10:40:53,1770.30,1,M
10:40:51,1769.90,1,B
10:40:50,1770.40,1,M
10:40:50,1770.00,1,M
10:40:50,1770.00,1,M
10:40:50,1770.00,1,M
10:40:48,1770.60,1,M
10:40:48,1770.40,1,M
10:40:48,1770.30,3,M
10:40:46,1770.10,1,M
10:40:46,1770.10,1,M
10:40:46,1770.00,1,B
10:40:45,1770.00,1,M
10:40:45,1769.70,1,M
10:40:45,1769.60,2,M
10:40:45,1769.50,3,M
10:40:45,1769.50,1,M
10:40:45,1769.40,1,B
10:40:44,1769.40,1,B
10:40:43,1769.40,3,B
10:40:43,1769.70,1,B
10:40:42,1770.00,2,B
10:40:42,1770.00,1,B
10:40:42,1770.00,1,B
10:40:42,1770.10,1,B
10:40:42,1770.10,1,B
10:40:41,1770.40,1,M
10:40:40,1770.70,1,M
10:40:39,1770.60,9,B
10:40:38,1770.70,1,B
10:40:35,1771.00,1,M
10:40:35,1770.70,4,B
10:40:35,1770.80,1,B
10:40:35,1770.80,9,B
10:40:35,1770.80,1,B
10:40:35,1770.80,1,B
10:40:35,1770.90,4,B
10:40:35,1771.00,1,B
10:40:35,1771.00,11,B
10:40:35,1771.10,1,B
10:40:35,1771.10,1,B
10:40:35,1771.20,1,B
10:40:35,1771.20,1,B
10:40:35,1771.20,1,B
10:40:34,1771.50,2,M
10:40:34,1771.40,1,B
10:40:34,1771.50,4,M
10:40:32,1771.70,1,M
10:40:32,1771.10,1,B
10:40:31,1771.10,1,B
10:40:30,1771.00,1,B
10:40:29,1772.00,15,M
10:40:29,1772.00,18,M
10:40:29,1771.90,1,M
10:40:29,1771.90,1,M
10:40:29,1771.90,1,M
10:40:29,1771.70,10,M
10:40:29,1771.50,1,M
10:40:29,1771.30,2,M
10:40:29,1771.00,1,M
10:40:28,1771.30,1,B
10:40:28,1771.20,2,M
10:40:28,1771.20,1,M
10:40:27,1771.50,7,M
10:40:27,1771.50,1,M
10:40:27,1771.40,7,M
10:40:27,1771.30,2,M
10:40:27,1771.30,1,M
10:40:27,1771.30,1,M
10:40:27,1771.00,1,M
10:40:25,1771.30,1,M
10:40:25,1770.80,1,B
10:40:25,1771.00,1,B
10:40:22,1771.30,1,M
10:40:21,1771.20,1,M
10:40:21,1770.80,1,B
10:40:20,1770.70,1,B
10:40:20,1771.40,1,M
10:40:20,1771.40,1,M
10:40:20,1770.50,1,B
10:40:20,1770.90,5,B
10:40:20,1771.00,9,B
10:40:20,1771.20,1,B
10:40:20,1771.20,1,B
10:40:20,1771.30,3,B
10:40:20,1772.00,3,M
10:40:20,1772.00,1,M
10:40:20,1772.00,1,M
10:40:20,1772.00,1,M
10:40:20,1772.00,1,M
10:40:20,1772.00,2,M
10:40:20,1772.00,2,M
10:40:20,1772.00,3,M
10:40:20,1772.00,3,M
10:40:20,1771.90,1,M
10:40:20,1771.90,2,M
10:40:20,1771.80,1,M
10:40:20,1771.80,2,M
10:40:20,1771.80,10,M
10:40:20,1771.80,9,M
10:40:20,1771.60,21,M
10:40:19,1771.80,31,M
10:40:19,1771.80,1,M
10:40:19,1771.70,9,M
10:40:18,1771.60,2,M
10:40:18,1771.50,1,M
10:40:18,1771.50,10,M
10:40:18,1771.50,1,M
10:40:18,1771.20,1,M
10:40:18,1771.00,10,M
10:40:18,1771.00,2,M
10:40:18,1771.00,2,M
10:40:18,1771.00,1,M
10:40:18,1770.90,1,M
10:40:18,1770.80,1,M
10:40:17,1770.50,1,M
10:40:16,1770.50,1,M
10:40:16,1770.50,2,M
10:40:15,1770.50,1,M
10:40:15,1770.50,3,M
10:40:13,1770.00,21,M
10:40:13,1770.00,3,M
10:40:13,1770.00,28,M
10:40:13,1769.90,2,M
10:40:13,1769.80,17,B
10:40:12,1769.80,3,M
10:40:12,1769.30,1,B
10:40:12,1769.40,3,B
10:40:12,1769.50,1,B
10:40:12,1769.90,1,M
10:40:12,1770.00,34,M
10:40:12,1769.90,4,M
10:40:12,1769.80,3,M
10:40:11,1769.90,1,M
10:40:11,1769.90,9,M
10:40:11,1769.80,5,M
10:40:11,1769.80,5,M
10:40:11,1769.70,1,M
10:40:11,1769.70,5,M
10:40:11,1769.60,2,B
10:40:11,1769.60,11,B
10:40:11,1769.60,15,M
10:40:11,1769.50,1,M
10:40:11,1769.10,2,B
10:40:10,1769.50,1,M
10:40:10,1769.10,1,B
10:40:08,1769.60,2,M
10:40:06,1769.00,1,B
10:40:06,1769.00,4,B
10:40:06,1769.00,2,B
10:40:06,1769.00,2,B
10:40:06,1769.00,6,B
10:40:06,1769.00,1,B
10:40:06,1769.10,1,B
10:40:06,1769.10,1,B
10:40:06,1769.20,6,B
10:40:06,1769.60,16,B
10:40:06,1769.60,1,B
10:40:05,1769.80,1,M
10:40:05,1769.80,1,M
10:40:03,1769.60,1,B
10:40:03,1769.60,5,B
10:40:02,1769.80,2,M
10:40:01,1769.80,4,M
10:40:00,1769.60,2,B
10:39:59,1769.90,16,M
10:39:59,1769.90,1,M
10:39:59,1769.60,1,M
10:39:59,1769.60,1,M
10:39:59,1769.60,1,M
10:39:57,1769.60,1,M
10:39:57,1769.50,1,M
10:39:57,1769.50,1,M
10:39:57,1769.60,1,M
10:39:52,1769.00,1,B
10:39:52,1769.30,2,M
10:39:50,1769.00,2,B
10:39:50,1769.00,1,B
10:39:48,1769.00,2,B
10:39:47,1769.00,38,B
10:39:47,1769.00,1,B
10:39:47,1769.00,2,B
10:39:47,1769.00,1,B
10:39:47,1769.00,1,B
10:39:47,1769.00,2,B
10:39:47,1769.00,1,B
10:39:47,1769.00,1,B
10:39:47,1769.00,3,B
10:39:47,1769.00,5,B
10:39:47,1769.00,1,B
10:39:47,1769.00,1,B
10:39:47,1769.00,1,B
10:39:47,1769.00,4,B
10:39:47,1769.00,1,B
10:39:47,1769.00,1,B
10:39:47,1769.00,1,B
10:39:47,1769.00,1,B
10:39:47,1769.00,1,B
10:39:47,1769.00,5,B
10:39:47,1769.00,1,B
10:39:47,1769.00,2,B
10:39:46,1769.00,1,B
10:39:46,1769.00,1,B
10:39:46,1769.00,1,B
10:39:46,1769.10,1,B
10:39:46,1769.10,1,B
10:39:46,1769.10,1,B
10:39:46,1769.10,1,B
10:39:46,1769.10,1,B
10:39:46,1769.10,3,B
10:39:46,1769.10,4,B
10:39:45,1769.10,1,B
10:39:45,1769.10,1,B
10:39:44,1769.30,1,M
10:39:44,1769.30,1,M
10:39:44,1769.20,6,B
10:39:44,1769.20,1,B
10:39:44,1769.20,9,B
10:39:44,1769.30,1,M
10:39:44,1769.20,1,B
10:39:44,1769.30,1,B
10:39:44,1769.30,7,B
10:39:43,1769.50,1,B
10:39:42,1769.50,1,B
10:39:42,1769.50,3,B
10:39:42,1769.60,1,B
10:39:42,1769.60,7,B
10:39:42,1769.90,2,M
10:39:38,1769.90,1,M
10:39:37,1769.90,1,M
10:39:35,1769.90,50,B
10:39:35,1770.00,4,B
10:39:35,1770.30,9,B
10:39:35,1770.40,1,B
10:39:33,1770.50,1,M
10:39:32,1770.50,2,M
10:39:31,1770.50,1,M
10:39:30,1770.40,4,M
10:39:29,1770.30,1,M
10:39:27,1770.40,7,M
10:39:27,1770.00,2,M
10:39:27,1770.00,1,M
10:39:23,1770.00,1,M
10:39:22,1769.90,1,M
10:39:19,1769.60,1,B
10:39:18,1769.60,9,B
10:39:18,1769.60,3,B
10:39:18,1769.60,30,B
10:39:17,1769.70,25,B
10:39:16,1769.80,1,B
10:39:16,1769.80,10,B
10:39:16,1769.80,10,B
10:39:16,1769.80,1,B
10:39:16,1770.00,5,B
10:39:16,1770.10,1,M
10:39:15,1770.00,1,B
10:39:15,1770.00,4,B
10:39:13,1770.10,14,B
10:39:13,1770.00,11,M
10:39:13,1769.90,10,B
10:39:11,1770.00,8,M
10:39:11,1769.80,2,B
10:39:09,1770.00,1,M
10:39:08,1769.80,1,B
10:39:08,1769.80,1,B
10:39:08,1769.80,1,B
10:39:08,1769.80,1,B
10:39:08,1769.80,1,B
10:39:07,1769.80,1,B
10:39:07,1770.00,1,M
10:39:06,1769.80,1,B
10:39:05,1769.90,1,B
10:39:05,1770.00,2,B
10:39:05,1770.00,1,B
10:39:05,1770.00,1,B
10:39:05,1770.00,15,B
10:39:05,1770.00,2,B
10:39:05,1770.10,15,B
10:39:05,1770.20,3,B
10:39:04,1770.20,8,B
10:39:04,1770.30,1,B
10:39:04,1770.30,1,B
10:39:03,1770.20,5,B
10:39:00,1770.80,3,M
10:39:00,1770.50,1,M
10:39:00,1770.50,1,M
10:38:57,1770.50,3,B
10:38:57,1770.80,9,M
10:38:57,1770.60,1,M
10:38:57,1770.60,4,B
10:38:55,1770.80,1,M
10:38:54,1770.80,1,M
10:38:52,1770.80,1,M
10:38:50,1770.50,1,M
10:38:50,1770.50,4,M
10:38:49,1770.50,1,M
10:38:49,1770.20,1,B
10:38:49,1770.20,1,B
10:38:45,1770.00,1,B
10:38:44,1770.50,3,M
10:38:44,1770.50,1,M
10:38:43,1770.00,1,B
10:38:43,1770.00,1,M
10:38:43,1770.00,10,M
10:38:43,1770.00,1,M
10:38:41,1770.00,2,M
10:38:40,1770.00,1,M
10:38:39,1770.00,1,M
10:38:39,1770.00,1,B
10:38:39,1770.00,1,B
10:38:39,1770.10,1,B
10:38:39,1770.10,1,B
10:38:39,1770.20,14,B
10:38:39,1770.50,1,M
10:38:39,1770.50,2,M
10:38:39,1770.50,2,M
10:38:35,1770.40,1,M
10:38:34,1770.40,1,M
10:38:30,1770.20,1,M
10:38:30,1770.10,1,M
10:38:29,1770.20,1,M
10:38:29,1770.20,1,M
10:38:29,1770.20,4,M
10:38:26,1769.80,1,M
10:38:26,1769.80,1,M
10:38:26,1769.80,1,B
10:38:26,1769.80,1,B
10:38:25,1769.90,1,B
10:38:25,1770.40,2,M
10:38:25,1770.10,3,M
10:38:24,1770.10,6,M
10:38:24,1769.90,1,M
10:38:24,1769.90,1,M
10:38:24,1769.90,1,M
10:38:24,1769.90,1,M
10:38:24,1769.90,1,M
10:38:23,1769.80,1,B
10:38:22,1769.80,1,M
10:38:21,1769.80,2,M
10:38:20,1769.80,1,M
10:38:20,1769.50,1,B
10:38:19,1769.50,1,B
10:38:19,1769.30,2,B
10:38:19,1769.40,4,B
10:38:19,1769.40,12,B
10:38:19,1770.00,1,M
10:38:19,1769.20,3,B
10:38:19,1769.20,2,B
10:38:19,1769.20,1,B
10:38:19,1769.30,8,B
10:38:19,1769.30,1,B
10:38:19,1769.50,2,B
10:38:19,1769.50,1,B
10:38:19,1769.50,1,B
10:38:19,1769.50,1,B
10:38:19,1769.50,1,B
10:38:19,1769.60,9,B
10:38:19,1769.80,5,B
10:38:19,1769.80,12,B
10:38:19,1770.00,3,B
10:38:19,1770.00,2,B
10:38:19,1770.00,3,B
10:38:19,1770.00,1,B
10:38:19,1770.00,1,B
10:38:19,1770.00,2,B
10:38:19,1770.00,1,B
10:38:19,1770.00,1,B
10:38:19,1770.00,2,B
10:38:19,1770.10,1,B
10:38:19,1770.10,1,B
10:38:19,1770.30,2,B
10:38:19,1770.40,7,B
10:38:18,1770.40,13,B
10:38:17,1770.50,1,B
10:38:17,1770.50,13,B
10:38:17,1770.50,3,B
10:38:17,1770.50,10,B
10:38:17,1770.50,6,B
10:38:17,1770.60,2,B
10:38:17,1770.60,1,B
10:38:17,1770.70,1,B
10:38:17,1770.90,1,M
10:38:16,1770.60,9,B
10:38:16,1770.60,1,B
10:38:16,1770.60,1,B
10:38:16,1770.60,6,B
10:38:16,1770.70,3,B
10:38:15,1770.90,1,M
10:38:14,1770.90,1,M
10:38:14,1770.70,1,B
10:38:11,1770.90,1,M
10:38:10,1771.00,2,M
10:38:09,1771.00,1,M
10:38:08,1770.60,1,B
10:38:07,1771.00,1,M
10:38:06,1770.60,1,B
10:38:06,1771.00,1,M
10:38:05,1771.00,1,M
10:38:05,1771.00,1,M
10:38:05,1771.00,4,M
10:38:05,1770.70,8,M
10:38:04,1770.70,1,M
10:38:04,1771.00,12,M
10:38:04,1770.60,1,B
10:38:02,1770.60,1,B
10:38:00,1770.60,1,M
10:38:00,1770.60,1,B
10:38:00,1770.60,1,B
10:37:59,1771.00,1,M
10:37:59,1771.00,1,M
10:37:59,1770.60,8,B
10:37:59,1770.70,1,B
10:37:59,1770.70,1,B
10:37:59,1770.80,1,B
10:37:59,1770.90,3,B
10:37:59,1770.90,1,B
10:37:59,1770.90,1,B
10:37:58,1771.00,1,B
10:37:58,1771.20,1,M
10:37:58,1771.00,2,B
10:37:57,1771.20,1,M
10:37:57,1771.20,2,M
10:37:57,1771.20,7,M
10:37:57,1771.00,1,M
10:37:57,1771.00,1,M
10:37:57,1771.00,2,B
10:37:57,1771.20,1,M
10:37:57,1771.20,5,M
10:37:56,1771.30,1,B
10:37:55,1771.80,10,M
10:37:55,1771.80,3,M
10:37:55,1771.80,1,M
10:37:55,1771.70,4,M
10:37:55,1771.70,1,M
10:37:55,1771.70,1,M
10:37:54,1771.60,1,B
10:37:54,1771.70,1,M
10:37:54,1771.80,3,B
10:37:53,1771.80,1,B
10:37:53,1771.80,8,B
10:37:53,1772.00,5,M
10:37:53,1772.00,7,M
10:37:52,1772.00,5,M
10:37:52,1772.00,3,M
10:37:52,1772.00,10,M
10:37:52,1772.00,1,M
10:37:51,1772.00,1,M
10:37:51,1772.20,9,B
10:37:51,1772.30,1,B
10:37:51,1772.30,1,B
10:37:51,1772.30,21,B
10:37:51,1772.40,1,M
10:37:51,1772.40,1,B
10:37:51,1772.40,1,B
10:37:51,1772.50,1,M
10:37:51,1772.50,1,B
10:37:51,1772.60,1,M
10:37:51,1772.60,1,M
10:37:50,1772.60,1,M
10:37:50,1772.30,2,B
10:37:50,1772.60,1,M
10:37:50,1772.60,1,M
10:37:50,1772.60,1,M
10:37:50,1772.60,5,M
10:37:50,1772.60,1,M
10:37:49,1772.70,22,M
10:37:49,1772.70,1,M
10:37:49,1772.70,4,M
10:37:49,1772.60,3,M
10:37:49,1772.60,1,M
10:37:49,1772.50,1,M
10:37:49,1772.50,2,M
10:37:49,1772.30,2,M
10:37:49,1772.30,1,M
10:37:49,1772.20,1,M
10:37:49,1772.10,5,M
10:37:49,1772.00,1,M
10:37:49,1772.00,1,M
10:37:49,1772.00,3,M
10:37:49,1772.00,7,M
10:37:49,1771.90,10,M
10:37:49,1771.90,1,M
10:37:49,1771.70,13,B
10:37:49,1771.90,1,M
10:37:48,1772.00,2,M
10:37:48,1772.00,1,M
10:37:48,1772.00,1,M
10:37:48,1772.00,1,M
10:37:48,1772.00,1,M
10:37:48,1772.00,1,M
10:37:48,1772.00,2,M
10:37:48,1772.00,2,M
10:37:48,1772.00,1,M
10:37:48,1772.00,1,M
10:37:48,1772.00,5,M
10:37:48,1772.00,1,M
10:37:48,1772.00,5,M
10:37:48,1772.00,4,M
10:37:48,1772.00,4,M
10:37:48,1772.00,1,M
10:37:48,1772.00,1,M
10:37:48,1772.00,29,M
10:37:48,1771.90,10,M
10:37:48,1771.90,1,M
10:37:48,1771.70,2,M
10:37:48,1771.70,1,M
10:37:48,1771.60,1,M
10:37:48,1771.60,2,M
10:37:48,1771.60,1,M
10:37:48,1771.60,2,M
10:37:48,1771.60,1,M
10:37:48,1771.60,3,M
10:37:48,1771.50,5,M
10:37:48,1771.50,1,M
10:37:48,1771.50,1,M
10:37:48,1771.50,1,M
10:37:48,1771.50,4,M
10:37:48,1771.30,1,M
10:37:48,1771.30,12,M
10:37:48,1771.30,18,M
10:37:48,1771.30,33,M
10:37:48,1771.30,1,M
10:37:47,1771.30,2,M
10:37:47,1771.30,10,M
10:37:46,1771.30,20,M
10:37:46,1771.30,6,M
10:37:46,1771.20,4,M
10:37:45,1771.30,1,M
10:37:44,1770.90,1,B
10:37:44,1771.30,1,M
10:37:44,1771.30,1,M
10:37:43,1771.30,10,M
10:37:42,1771.30,77,M
10:37:42,1771.20,10,M
10:37:42,1771.00,2,M
10:37:40,1770.90,1,M
10:37:39,1770.90,1,M
10:37:39,1770.80,3,B
10:37:37,1770.70,1,M
10:37:34,1770.70,1,M
10:37:33,1770.70,1,M
10:37:31,1770.90,3,B
10:37:31,1770.80,1,M
10:37:31,1770.80,1,M
10:37:30,1771.10,1,M
10:37:30,1771.10,14,M
10:37:30,1771.00,1,M
10:37:30,1770.90,3,M
10:37:27,1770.30,4,B
10:37:27,1770.60,1,B
10:37:27,1770.60,1,B
10:37:27,1770.60,3,B
10:37:27,1771.00,1,B
10:37:24,1771.30,1,M
10:37:24,1771.30,1,M
10:37:24,1771.30,10,M
10:37:24,1771.30,8,B
10:37:24,1771.50,1,M
10:37:24,1771.30,1,B
10:37:24,1771.50,1,M
10:37:24,1771.50,5,M
10:37:24,1771.50,1,M
10:37:23,1771.50,10,M
10:37:22,1771.50,1,M
10:37:22,1771.50,1,M
10:37:22,1771.40,19,M
10:37:21,1771.40,1,M
10:37:21,1771.30,20,B
10:37:21,1771.40,1,M
10:37:21,1771.50,2,M
10:37:19,1771.50,10,M
10:37:19,1771.40,1,M
10:37:19,1771.40,1,M
10:37:19,1771.30,9,M
10:37:18,1771.20,1,M
10:37:18,1771.20,1,M
10:37:18,1771.20,1,M
10:37:18,1771.20,2,M
10:37:18,1771.00,9,M
