Time,Price,Volume,Side
09:28:56,2068.90,1,B
09:28:56,2069.10,3,B
09:28:55,2069.10,1,B
09:28:55,2069.10,1,B
09:28:55,2069.30,1,M
09:28:55,2069.10,4,B
09:28:55,2069.20,1,M
09:28:55,2069.20,3,M
09:28:55,2069.20,13,M
09:28:55,2069.10,1,B
09:28:54,2069.00,1,B
09:28:54,2069.00,1,M
09:28:52,2069.00,1,M
09:28:52,2068.70,1,B
09:28:52,2069.00,2,M
09:28:51,2069.00,1,M
09:28:51,2068.70,1,B
09:28:51,2068.70,1,B
09:28:51,2068.70,1,B
09:28:51,2068.80,1,B
09:28:50,2068.70,3,B
09:28:49,2069.00,3,M
09:28:49,2069.00,1,M
09:28:49,2069.00,1,M
09:28:49,2068.70,23,B
09:28:49,2068.80,1,B
09:28:49,2068.80,1,B
09:28:48,2069.00,1,M
09:28:45,2068.70,1,B
09:28:45,2068.70,2,B
09:28:45,2068.80,1,B
09:28:44,2069.00,1,M
09:28:43,2069.00,1,M
09:28:42,2069.00,1,M
09:28:42,2069.00,1,M
09:28:40,2068.80,1,B
09:28:40,2069.10,1,M
09:28:40,2068.80,1,B
09:28:40,2068.80,1,B
09:28:40,2068.80,1,B
09:28:39,2069.20,1,M
09:28:39,2069.20,5,M
09:28:39,2069.10,1,M
09:28:39,2069.00,1,M
09:28:39,2069.00,1,M
09:28:39,2069.00,1,M
09:28:39,2069.00,10,M
09:28:39,2069.00,2,M
09:28:39,2069.00,1,M
09:28:39,2069.00,1,M
09:28:39,2069.00,1,M
09:28:39,2069.00,5,M
09:28:39,2069.00,2,M
09:28:39,2069.00,4,M
09:28:39,2069.00,6,M
09:28:38,2068.90,2,M
09:28:37,2068.70,6,B
09:28:36,2068.70,3,B
09:28:35,2068.70,4,B
09:28:35,2068.90,4,M
09:28:35,2068.90,4,M
09:28:33,2069.00,2,M
09:28:33,2069.00,1,M
09:28:33,2069.00,3,M
09:28:33,2068.90,1,M
09:28:33,2068.90,1,M
09:28:33,2068.90,3,M
09:28:33,2068.90,1,M
09:28:30,2068.60,1,B
09:28:30,2068.70,1,B
09:28:30,2068.80,1,B
09:28:28,2068.90,1,B
09:28:27,2068.90,1,B
09:28:26,2068.90,1,M
09:28:26,2068.90,1,M
09:28:26,2068.90,1,M
09:28:26,2068.80,10,M
09:28:25,2068.50,1,B
09:28:25,2068.90,3,B
09:28:25,2068.90,1,M
09:28:25,2068.90,3,M
09:28:25,2068.90,8,M
09:28:25,2068.50,1,B
09:28:24,2068.50,5,B
09:28:24,2068.50,1,B
09:28:24,2068.90,1,M
09:28:22,2068.90,1,M
09:28:22,2068.50,9,B
09:28:22,2068.60,2,B
09:28:22,2068.60,2,B
09:28:22,2068.60,20,B
09:28:22,2068.60,16,B
09:28:22,2068.70,1,B
09:28:20,2068.60,3,B
09:28:17,2068.80,1,M
09:28:16,2068.60,1,B
09:28:15,2068.50,1,B
09:28:15,2068.50,1,B
09:28:15,2068.50,3,B
09:28:15,2068.60,1,B
09:28:14,2068.50,5,B
09:28:14,2068.60,1,B
09:28:14,2068.60,1,B
09:28:14,2068.60,3,B
09:28:14,2068.90,1,M
09:28:14,2068.90,1,M
09:28:13,2068.90,1,M
09:28:13,2068.60,2,B
09:28:13,2068.60,1,B
09:28:13,2068.60,1,B
09:28:13,2068.60,1,B
09:28:12,2068.60,1,B
09:28:11,2068.90,10,M
09:28:10,2068.90,2,M
09:28:10,2068.60,1,B
09:28:10,2068.60,1,B
09:28:10,2068.60,2,B
09:28:09,2068.60,1,B
09:28:09,2068.60,1,B
09:28:09,2068.60,1,B
09:28:09,2068.60,1,B
09:28:09,2068.90,5,M
09:28:08,2068.60,2,B
09:28:08,2068.60,2,B
09:28:08,2068.60,10,B
09:28:08,2068.70,1,B
09:28:08,2068.70,2,B
09:28:07,2068.80,1,M
09:28:07,2068.70,2,M
09:28:05,2068.60,4,B
09:28:04,2068.60,5,B
09:28:04,2068.60,1,B
09:28:04,2068.60,1,B
09:28:04,2068.60,9,B
09:28:04,2068.60,5,B
09:28:04,2068.60,1,B
09:28:04,2068.60,1,B
09:28:04,2068.60,7,B
09:28:03,2068.60,1,B
09:28:03,2068.70,1,M
09:28:02,2068.70,2,B
09:28:02,2068.70,4,M
09:28:02,2068.70,1,M
09:28:02,2068.70,3,M
09:28:02,2068.70,1,M
09:28:02,2068.70,1,M
09:28:01,2068.70,1,M
09:28:01,2068.60,2,B
09:28:01,2068.60,5,B
09:28:01,2068.60,1,B
09:28:01,2068.60,3,B
09:28:01,2068.60,1,B
09:28:01,2068.60,5,B
09:28:01,2068.60,19,B
09:28:00,2068.60,1,B
09:28:00,2068.60,2,B
09:28:00,2068.60,1,B
09:28:00,2068.60,7,B
09:27:59,2068.70,1,B
09:27:59,2068.80,1,M
09:27:59,2068.70,10,M
09:27:59,2068.70,1,M
09:27:59,2068.70,1,B
09:27:59,2068.80,1,M
09:27:58,2068.70,24,M
09:27:58,2068.70,1,B
09:27:58,2068.70,1,B
09:27:58,2068.70,8,B
09:27:58,2068.70,2,B
09:27:58,2068.70,1,B
09:27:58,2068.70,1,B
09:27:58,2068.70,2,B
09:27:57,2068.70,1,B
09:27:56,2068.90,1,M
09:27:55,2068.70,2,B
09:27:55,2068.70,1,B
09:27:55,2068.70,1,B
09:27:55,2068.70,1,B
09:27:55,2068.70,1,B
09:27:55,2068.80,1,B
09:27:55,2068.80,3,B
09:27:55,2068.90,6,B
09:27:54,2068.90,2,B
09:27:54,2069.00,1,B
09:27:54,2069.10,1,M
09:27:54,2069.00,1,M
09:27:53,2068.90,1,B
09:27:52,2068.90,1,B
09:27:51,2069.00,1,M
09:27:51,2069.00,1,B
09:27:51,2069.10,1,B
09:27:51,2069.10,2,B
09:27:50,2069.10,1,B
09:27:50,2069.10,1,B
09:27:49,2069.10,6,B
09:27:49,2069.10,1,B
09:27:48,2069.10,5,B
09:27:48,2069.10,4,B
09:27:47,2068.80,1,B
09:27:47,2068.80,6,B
09:27:47,2068.80,1,B
09:27:47,2068.80,1,B
09:27:47,2068.80,1,B
09:27:47,2068.80,5,B
09:27:47,2068.90,1,B
09:27:47,2068.90,1,B
09:27:47,2069.00,1,B
09:27:47,2069.00,1,B
09:27:47,2069.00,1,B
09:27:47,2069.00,1,B
09:27:47,2069.00,3,B
09:27:47,2069.00,1,B
09:27:47,2069.00,1,B
09:27:47,2069.00,1,B
09:27:47,2069.00,2,B
09:27:47,2069.20,1,M
09:27:47,2069.10,1,M
09:27:47,2069.10,3,M
09:27:47,2069.10,1,M
09:27:47,2069.10,14,M
09:27:47,2069.10,1,M
09:27:47,2069.10,1,M
09:27:47,2069.10,3,M
09:27:46,2069.00,1,B
09:27:45,2069.00,3,B
09:27:45,2069.00,1,B
09:27:45,2069.00,2,B
09:27:43,2069.00,4,B
09:27:43,2069.00,2,B
09:27:43,2069.00,5,B
09:27:42,2069.00,1,B
09:27:42,2069.00,2,B
09:27:40,2069.00,1,B
09:27:40,2069.00,1,B
09:27:40,2069.00,1,B
09:27:40,2069.00,1,B
09:27:40,2069.00,1,B
09:27:40,2069.00,1,B
09:27:40,2069.00,1,B
09:27:40,2069.10,2,M
09:27:40,2069.10,3,M
09:27:40,2069.00,5,B
09:27:39,2069.00,1,B
09:27:38,2069.00,8,B
09:27:36,2069.00,1,B
09:27:35,2069.00,6,B
09:27:35,2069.10,1,M
09:27:34,2069.10,1,M
09:27:32,2069.10,1,M
09:27:30,2069.10,2,B
09:27:30,2069.10,2,B
09:27:29,2069.10,2,B
09:27:29,2069.20,4,B
09:27:29,2069.20,1,M
09:27:29,2069.20,12,M
09:27:28,2069.10,1,B
09:27:27,2069.10,1,B
09:27:26,2069.10,1,B
09:27:25,2069.10,6,B
09:27:24,2069.10,1,B
09:27:24,2069.10,1,B
09:27:24,2069.10,5,B
09:27:23,2069.10,2,B
09:27:23,2069.10,5,B
09:27:22,2069.10,3,M
09:27:22,2069.00,2,B
09:27:22,2069.10,1,M
09:27:22,2069.10,1,M
09:27:21,2069.00,1,B
09:27:20,2069.10,4,B
09:27:20,2069.10,1,B
09:27:20,2069.10,2,B
09:27:20,2069.10,5,B
09:27:20,2069.10,7,B
09:27:20,2069.10,1,B
09:27:20,2069.10,10,B
09:27:20,2069.10,7,B
09:27:16,2069.10,5,B
09:27:15,2069.30,1,M
09:27:15,2069.10,1,B
09:27:15,2069.10,4,B
09:27:15,2069.10,1,B
09:27:15,2069.10,1,B
09:27:12,2069.10,1,B
09:27:11,2069.10,2,B
09:27:11,2069.10,1,B
09:27:11,2069.20,1,B
09:27:10,2069.40,1,M
09:27:10,2069.40,1,M
09:27:10,2069.40,3,M
09:27:10,2069.20,1,B
09:27:10,2069.20,2,B
09:27:10,2069.20,2,B
09:27:10,2069.30,1,B
09:27:08,2069.30,1,B
09:27:07,2069.20,4,B
09:27:07,2069.20,2,B
09:27:06,2069.40,1,M
09:27:05,2069.20,2,B
09:27:04,2069.40,1,M
09:27:04,2069.30,3,M
09:27:04,2069.30,16,M
09:27:01,2069.30,1,B
09:27:01,2069.40,1,M
09:26:59,2069.30,1,B
09:26:59,2069.40,2,M
09:26:59,2069.30,1,M
09:26:59,2069.30,5,M
09:26:57,2069.30,3,M
09:26:57,2069.20,2,B
09:26:57,2069.30,2,M
09:26:55,2069.30,1,M
09:26:55,2069.20,1,B
09:26:55,2069.20,1,B
09:26:54,2069.30,1,B
09:26:54,2069.30,1,B
09:26:54,2069.30,1,B
09:26:54,2069.30,1,B
09:26:54,2069.30,3,B
09:26:53,2069.40,1,M
09:26:51,2069.40,2,M
09:26:50,2069.30,1,B
09:26:48,2069.30,3,B
09:26:48,2069.40,1,M
09:26:48,2069.30,2,B
09:26:47,2069.50,1,M
09:26:44,2069.30,1,B
09:26:44,2069.30,1,B
09:26:44,2069.30,1,B
09:26:44,2069.30,1,B
09:26:42,2069.40,9,M
09:26:42,2069.40,1,M
09:26:42,2069.40,10,M
09:26:41,2069.50,1,M
09:26:40,2069.50,1,M
09:26:40,2069.40,6,M
09:26:40,2069.40,4,M
09:26:40,2069.40,10,M
09:26:38,2069.50,1,M
09:26:38,2069.50,1,M
09:26:38,2069.30,1,B
09:26:37,2069.30,1,B
09:26:36,2069.40,1,M
09:26:35,2069.40,11,M
09:26:35,2069.30,1,B
09:26:34,2069.30,2,B
09:26:33,2069.50,10,M
09:26:33,2069.40,2,M
09:26:33,2069.40,1,M
09:26:33,2069.30,8,M
09:26:33,2069.30,1,M
09:26:33,2069.30,2,M
09:26:33,2069.30,5,M
09:26:33,2069.30,1,M
09:26:33,2069.30,1,M
09:26:33,2069.20,2,B
09:26:33,2069.30,4,M
09:26:33,2069.30,2,M
09:26:33,2069.30,1,M
09:26:33,2069.30,13,M
09:26:33,2069.30,1,M
09:26:32,2069.30,1,M
09:26:29,2069.30,1,M
09:26:28,2069.30,1,M
09:26:24,2069.30,1,M
09:26:24,2069.30,2,M
09:26:24,2069.10,1,B
09:26:24,2069.10,1,B
09:26:23,2069.30,14,B
09:26:22,2069.30,1,B
09:26:22,2069.30,1,B
09:26:22,2069.50,1,M
09:26:22,2069.30,3,B
09:26:21,2069.30,5,B
09:26:21,2069.40,7,M
09:26:20,2069.30,1,M
09:26:20,2069.30,1,M
09:26:20,2069.30,1,M
09:26:20,2069.30,1,M
09:26:20,2069.30,10,M
09:26:20,2069.30,1,M
09:26:20,2069.30,1,M
09:26:18,2069.30,1,M
09:26:18,2069.10,1,B
09:26:16,2069.30,1,M
09:26:15,2069.30,1,M
09:26:15,2069.30,1,M
09:26:15,2069.30,1,M
09:26:15,2069.30,1,M
09:26:15,2069.30,2,M
09:26:15,2069.10,5,B
09:26:14,2069.30,2,M
09:26:14,2069.00,1,B
09:26:14,2069.00,4,B
09:26:14,2069.00,1,B
09:26:14,2069.00,1,B
09:26:14,2069.00,1,B
09:26:13,2069.10,1,B
09:26:13,2069.10,14,B
09:26:13,2069.20,1,B
09:26:13,2069.30,1,B
09:26:13,2069.30,4,B
09:26:13,2069.30,1,B
09:26:13,2069.40,1,M
09:26:11,2069.30,5,B
09:26:09,2069.10,1,B
09:26:09,2069.10,1,B
09:26:09,2069.10,1,B
09:26:09,2069.10,1,B
09:26:09,2069.10,1,B
09:26:09,2069.10,1,B
09:26:09,2069.10,1,B
09:26:09,2069.10,1,B
09:26:09,2069.10,1,B
09:26:09,2069.10,1,B
09:26:09,2069.10,1,B
09:26:09,2069.10,19,B
09:26:09,2069.10,2,B
09:26:08,2069.10,4,B
09:26:08,2069.10,1,B
09:26:08,2069.20,1,B
09:26:08,2069.20,1,B
09:26:08,2069.20,2,B
09:26:08,2069.20,19,B
09:26:08,2069.30,1,B
09:26:08,2069.30,1,B
09:26:08,2069.30,1,B
09:26:08,2069.40,1,M
09:26:06,2069.40,1,B
09:26:06,2069.50,17,M
09:26:06,2069.30,1,B
09:26:06,2069.20,8,B
09:26:06,2069.20,3,B
09:26:06,2069.20,2,B
09:26:06,2069.20,2,B
09:26:06,2069.30,1,B
09:26:06,2069.30,1,B
09:26:03,2069.30,10,B
09:26:03,2069.50,15,M
09:26:03,2069.50,17,M
09:26:02,2069.40,1,B
09:26:02,2069.30,1,B
09:26:02,2069.30,1,B
09:26:01,2069.30,1,B
09:26:01,2069.50,10,M
09:26:00,2069.40,1,M
09:26:00,2069.40,1,M
09:26:00,2069.40,1,M
09:26:00,2069.40,1,M
09:26:00,2069.40,20,M
09:26:00,2069.40,1,M
09:26:00,2069.40,5,M
09:26:00,2069.40,9,M
09:26:00,2069.30,2,B
09:26:00,2069.40,1,M
09:26:00,2069.30,1,B
09:25:58,2069.30,1,M
09:25:58,2069.30,1,M
09:25:58,2069.30,8,M
09:25:54,2069.30,1,M
09:25:53,2069.30,1,M
09:25:53,2069.30,1,M
09:25:53,2069.10,1,B
09:25:51,2069.10,2,B
09:25:49,2069.10,1,B
09:25:48,2069.30,1,M
09:25:48,2069.30,1,M
09:25:47,2069.10,1,B
09:25:47,2069.10,5,B
09:25:47,2069.10,10,B
09:25:47,2069.20,5,B
09:25:47,2069.20,2,B
09:25:47,2069.30,1,M
09:25:47,2069.20,5,B
09:25:46,2069.20,1,B
09:25:45,2069.30,1,M
09:25:45,2069.20,1,B
09:25:44,2069.20,1,B
09:25:44,2069.30,1,M
09:25:44,2069.30,1,B
09:25:43,2069.30,2,B
09:25:43,2069.30,2,B
09:25:43,2069.30,3,M
09:25:43,2069.10,1,B
09:25:42,2069.30,1,M
09:25:42,2069.10,5,B
09:25:42,2069.30,2,M
09:25:42,2069.30,1,M
09:25:40,2069.10,1,B
09:25:38,2069.10,1,B
09:25:38,2069.10,1,B
09:25:37,2069.40,6,M
09:25:37,2069.10,1,B
09:25:37,2069.10,19,B
09:25:36,2069.40,1,M
09:25:36,2069.00,1,B
09:25:36,2069.00,1,B
09:25:35,2069.00,1,B
09:25:35,2069.00,1,B
09:25:35,2069.00,1,B
09:25:35,2069.00,1,B
09:25:35,2069.00,1,B
09:25:34,2069.40,3,M
09:25:34,2069.40,1,M
09:25:34,2069.40,1,M
09:25:34,2069.00,1,B
09:25:34,2069.00,1,B
09:25:34,2069.00,1,B
09:25:34,2069.00,1,B
09:25:34,2069.00,5,B
09:25:34,2069.10,1,B
09:25:33,2069.00,1,B
09:25:33,2069.40,1,M
09:25:32,2069.00,1,B
09:25:32,2069.00,1,B
09:25:30,2069.40,1,M
09:25:30,2069.00,1,B
09:25:30,2069.40,1,M
09:25:29,2069.00,2,B
09:25:29,2069.10,1,B
09:25:29,2069.10,1,B
09:25:29,2069.30,1,B
09:25:28,2069.00,3,B
09:25:28,2069.10,4,B
09:25:28,2069.30,1,B
09:25:28,2069.30,1,B
09:25:28,2069.40,1,B
09:25:28,2069.40,5,B
09:25:27,2069.50,19,M
09:25:27,2069.40,1,M
09:25:27,2069.20,20,M
09:25:27,2069.10,2,B
09:25:27,2069.10,16,B
09:25:27,2069.10,1,B
09:25:27,2069.10,1,B
09:25:27,2069.10,1,B
09:25:27,2069.40,1,M
09:25:27,2069.30,1,M
09:25:27,2069.10,1,B
09:25:26,2069.00,2,B
09:25:26,2069.00,3,B
09:25:26,2069.10,1,B
09:25:26,2069.50,6,M
09:25:26,2069.50,9,M
09:25:26,2069.40,1,M
09:25:26,2069.40,1,M
09:25:25,2069.10,1,B
09:25:25,2069.10,1,B
09:25:25,2069.10,1,B
09:25:25,2069.10,1,B
09:25:25,2069.10,6,B
09:25:25,2069.20,1,B
09:25:24,2069.40,10,M
09:25:24,2069.30,1,B
09:25:23,2069.10,2,B
09:25:23,2069.40,10,M
09:25:23,2069.10,1,B
09:25:23,2069.20,1,B
09:25:23,2069.50,9,M
09:25:23,2069.40,1,M
09:25:23,2069.20,10,B
09:25:22,2069.20,1,B
09:25:22,2069.50,1,M
09:25:21,2069.30,3,B
09:25:21,2069.30,1,B
09:25:21,2069.30,22,B
09:25:21,2069.30,2,B
09:25:20,2069.30,5,B
09:25:20,2069.40,1,M
09:25:20,2069.40,1,M
09:25:20,2069.30,3,M
09:25:19,2069.10,1,B
09:25:19,2069.20,2,B
09:25:18,2069.30,11,M
09:25:18,2069.20,4,B
09:25:18,2069.20,1,B
09:25:17,2069.60,1,M
09:25:17,2069.60,1,M
09:25:16,2069.20,3,B
09:25:16,2069.30,1,B
09:25:15,2069.60,2,B
09:25:14,2069.60,1,B
09:25:14,2069.60,1,B
09:25:14,2069.60,1,B
09:25:14,2069.50,1,M
09:25:14,2069.50,1,M
09:25:14,2069.40,2,M
09:25:14,2069.30,1,M
09:25:14,2069.10,1,B
09:25:14,2069.30,1,M
09:25:14,2069.10,4,B
09:25:14,2069.10,1,B
09:25:14,2069.10,1,B
09:25:14,2069.10,1,B
09:25:14,2069.10,1,B
09:25:14,2069.20,1,B
09:25:14,2069.20,1,B
09:25:14,2069.20,5,B
09:25:14,2069.20,1,B
09:25:14,2069.30,1,B
09:25:14,2069.30,3,B
09:25:14,2069.30,1,B
09:25:14,2069.30,2,B
09:25:14,2069.30,1,B
09:25:14,2069.30,3,B
09:25:14,2069.30,2,B
09:25:13,2069.30,1,B
09:25:13,2069.30,1,B
09:25:13,2069.30,3,B
09:25:13,2069.30,1,B
09:25:13,2069.30,1,B
09:25:13,2069.30,1,B
09:25:13,2069.40,1,B
09:25:13,2069.40,4,B
09:25:13,2069.40,6,B
09:25:13,2069.50,1,B
09:25:13,2069.50,4,B
09:25:13,2069.60,1,B
09:25:13,2069.60,1,B
09:25:12,2069.50,1,B
09:25:12,2069.50,2,B
09:25:12,2069.50,1,B
09:25:12,2069.50,1,B
09:25:12,2069.60,1,B
09:25:12,2069.60,13,B
09:25:12,2069.70,1,B
09:25:12,2069.70,1,M
09:25:12,2069.70,2,M
09:25:12,2069.70,1,M
09:25:11,2069.60,7,B
09:25:11,2069.50,2,B
09:25:10,2069.70,5,M
09:25:09,2069.50,1,B
09:25:09,2069.50,2,B
09:25:09,2069.50,1,B
09:25:09,2069.50,1,B
09:25:09,2069.80,2,B
09:25:09,2069.90,1,M
09:25:09,2069.80,1,B
09:25:09,2069.80,1,M
09:25:09,2069.80,2,M
09:25:09,2069.70,1,M
09:25:09,2069.70,1,M
09:25:09,2069.60,19,M
09:25:09,2069.60,1,M
09:25:09,2069.50,1,B
09:25:09,2069.50,4,B
09:25:08,2069.60,1,B
09:25:08,2069.60,1,B
09:25:07,2069.70,17,B
09:25:07,2069.70,1,B
09:25:07,2069.70,2,B
09:25:07,2069.60,2,B
09:25:07,2069.60,1,B
09:25:07,2069.60,1,B
09:25:07,2069.60,4,B
09:25:07,2069.60,1,B
09:25:06,2069.70,4,B
09:25:05,2069.80,1,B
09:25:04,2069.80,1,B
09:25:04,2070.00,1,M
09:25:04,2069.70,1,B
09:25:04,2069.70,1,B
09:25:04,2069.70,4,B
09:25:04,2069.70,1,B
09:25:04,2069.90,1,B
09:25:04,2069.90,2,B
09:25:04,2069.90,1,B
09:25:04,2070.00,1,M
09:25:04,2070.00,1,B
09:25:04,2070.00,1,B
09:25:04,2070.00,1,B
09:25:04,2070.00,5,B
09:25:03,2070.00,2,B
09:25:03,2070.00,1,B
09:25:03,2070.00,1,B
09:25:03,2070.00,5,B
09:25:03,2070.00,1,B
09:25:03,2070.00,4,B
09:25:03,2070.00,3,B
09:25:03,2070.00,1,B
09:25:03,2070.00,2,B
09:25:03,2070.00,1,B
09:25:03,2070.00,1,B
09:25:03,2070.00,2,B
09:25:03,2070.00,1,B
09:25:03,2070.00,3,B
09:25:03,2070.00,1,B
09:25:03,2070.00,1,B
09:25:03,2070.00,2,B
09:25:03,2070.00,8,B
09:25:03,2070.30,1,M
09:25:03,2070.00,1,B
09:25:03,2070.00,60,B
09:25:01,2070.00,18,B
09:25:01,2070.10,1,B
09:25:01,2070.10,1,B
09:25:01,2070.10,4,B
09:25:01,2070.10,7,B
09:25:01,2070.10,1,B
09:25:01,2070.10,1,B
09:25:01,2070.10,7,B
09:25:01,2070.20,4,B
09:25:00,2070.20,7,B
09:25:00,2070.20,5,B
09:25:00,2070.30,28,B
09:24:58,2070.30,1,B
09:24:58,2070.30,1,B
09:24:57,2070.10,1,B
09:24:57,2070.20,5,B
09:24:57,2070.20,1,B
09:24:57,2070.20,1,B
09:24:56,2070.20,2,B
09:24:56,2070.50,1,M
09:24:56,2070.50,1,M
09:24:56,2070.50,1,M
09:24:56,2070.50,1,M
09:24:56,2070.40,1,M
09:24:56,2070.40,1,M
09:24:54,2070.20,2,B
09:24:54,2070.30,1,B
09:24:54,2070.30,1,B
09:24:53,2070.30,10,M
09:24:53,2070.30,1,M
09:24:53,2070.30,1,M
09:24:52,2070.20,10,B
09:24:51,2070.20,2,B
09:24:49,2070.20,2,B
09:24:48,2070.20,1,B
09:24:48,2070.20,5,B
09:24:48,2070.20,1,B
09:24:47,2070.20,1,M
09:24:47,2070.20,3,M
09:24:46,2070.10,1,B
09:24:45,2070.20,2,M
09:24:45,2070.10,11,B
09:24:45,2070.10,1,B
09:24:44,2070.10,5,B
09:24:44,2070.10,2,B
09:24:44,2070.10,1,B
09:24:44,2070.10,1,B
09:24:43,2070.10,3,B
09:24:43,2070.20,1,B
09:24:42,2070.20,5,B
09:24:42,2070.20,2,B
09:24:42,2070.20,1,B
09:24:42,2070.20,2,B
09:24:42,2070.20,1,B
09:24:42,2070.20,1,B
09:24:42,2070.20,4,B
09:24:42,2070.30,2,B
09:24:42,2070.30,10,B
09:24:42,2070.30,1,B
09:24:42,2070.30,1,B
09:24:42,2070.30,1,B
09:24:42,2070.30,1,B
09:24:42,2070.30,18,B
09:24:39,2070.30,1,B
09:24:38,2070.40,2,B
09:24:37,2070.40,2,B
09:24:37,2070.40,1,B
09:24:36,2070.30,1,B
09:24:36,2070.60,1,M
09:24:36,2070.50,1,M
09:24:36,2070.40,1,M
09:24:36,2070.40,4,M
09:24:36,2070.30,2,B
09:24:36,2070.30,1,B
09:24:35,2070.40,1,M
09:24:34,2070.40,1,M
09:24:34,2070.40,1,B
09:24:34,2070.40,36,B
09:24:34,2070.50,7,B
09:24:33,2070.50,5,B
09:24:33,2070.70,1,M
09:24:33,2070.50,1,B
09:24:32,2070.50,2,B
09:24:32,2070.50,1,B
09:24:31,2070.50,1,B
09:24:30,2070.50,1,B
09:24:27,2070.40,1,B
09:24:27,2070.50,1,B
09:24:27,2070.50,1,B
09:24:27,2070.50,1,B
09:24:26,2070.50,1,B
09:24:26,2070.90,1,M
09:24:26,2070.90,1,M
09:24:26,2070.90,1,M
09:24:26,2070.90,2,M
09:24:26,2070.90,1,M
09:24:25,2070.40,1,B
09:24:25,2070.50,2,B
09:24:25,2070.50,1,B
09:24:25,2070.50,1,B
09:24:25,2070.60,1,B
09:24:25,2070.60,1,B
09:24:25,2070.60,1,B
09:24:25,2070.70,1,B
09:24:25,2070.70,11,B
09:24:24,2070.70,7,B
09:24:24,2070.70,2,B
09:24:24,2070.80,11,B
09:24:23,2070.90,1,M
09:24:23,2070.80,5,B
09:24:22,2070.80,1,B
09:24:22,2070.80,1,B
09:24:22,2070.80,1,B
09:24:15,2070.80,1,B
09:24:14,2071.00,2,M
09:24:14,2070.90,3,M
09:24:13,2070.80,1,B
09:24:12,2070.80,3,B
09:24:12,2070.90,2,M
09:24:12,2070.80,2,B
09:24:09,2070.90,1,B
09:24:06,2070.90,2,B
09:24:06,2070.90,1,B
09:24:06,2070.90,1,B
09:24:04,2070.90,2,B
09:24:03,2070.90,1,B
09:24:02,2071.00,1,M
09:24:01,2071.00,1,M
09:24:00,2070.90,1,B
09:23:59,2070.90,1,B
09:23:56,2071.10,3,M
09:23:56,2071.00,1,M
09:23:56,2071.00,1,M
09:23:54,2070.90,2,B
09:23:51,2071.00,2,M
09:23:51,2071.00,2,M
09:23:50,2071.00,10,B
09:23:50,2071.00,1,B
09:23:50,2071.00,1,B
09:23:50,2071.00,2,B
09:23:50,2071.00,1,B
09:23:50,2071.00,1,B
09:23:50,2071.00,17,B
09:23:50,2071.00,30,B
09:23:50,2071.00,20,B
09:23:50,2071.10,2,B
09:23:49,2071.20,2,M
09:23:49,2071.00,12,B
09:23:49,2071.00,1,B
09:23:49,2071.00,14,B
09:23:49,2071.10,2,B
09:23:49,2071.10,1,B
09:23:47,2071.20,5,M
09:23:46,2071.20,2,B
09:23:46,2071.20,8,B
09:23:46,2071.20,3,B
09:23:44,2071.40,4,M
09:23:44,2071.30,1,M
09:23:40,2071.40,1,M
09:23:40,2071.10,1,B
09:23:40,2071.40,1,M
09:23:39,2071.40,3,M
09:23:39,2071.40,1,M
09:23:39,2071.40,1,M
09:23:39,2071.40,1,M
09:23:39,2071.40,1,M
09:23:39,2071.40,1,M
09:23:39,2071.40,1,M
09:23:39,2071.30,10,M
09:23:39,2071.30,1,M
09:23:37,2071.10,1,B
09:23:37,2071.10,1,B
09:23:33,2071.40,1,M
09:23:32,2071.40,1,M
09:23:32,2071.40,1,M
09:23:32,2071.00,2,B
09:23:30,2071.00,4,B
09:23:27,2071.40,1,M
09:23:27,2071.40,1,M
09:23:25,2071.40,1,M
09:23:24,2071.30,1,M
09:23:23,2071.40,1,M
09:23:23,2071.40,1,M
09:23:23,2071.40,1,M
09:23:23,2071.40,1,M
09:23:23,2071.40,1,M
09:23:23,2071.30,4,M
09:23:22,2071.30,2,M
09:23:21,2071.30,2,M
09:23:19,2071.10,5,M
09:23:19,2071.20,1,B
09:23:19,2071.30,4,B
09:23:18,2071.30,1,B
09:23:17,2071.30,1,M
09:23:17,2071.30,5,M
09:23:17,2071.30,1,M
09:23:17,2071.30,2,M
09:23:17,2071.20,1,M
09:23:17,2071.30,1,M
09:23:17,2071.30,1,M
09:23:17,2071.30,2,M
09:23:16,2071.20,3,M
09:23:16,2071.20,15,M
09:23:14,2071.20,1,M
09:23:14,2071.20,1,M
09:23:13,2071.20,1,M
09:23:13,2071.20,1,M
09:23:13,2071.20,1,M
09:23:13,2071.00,1,M
09:23:13,2071.00,2,M
09:23:13,2071.00,1,M
09:23:13,2071.00,1,M
09:23:13,2071.00,3,M
09:23:13,2071.00,18,M
09:23:13,2071.00,1,M
09:23:13,2071.00,1,M
09:23:13,2071.00,1,M
09:23:13,2071.00,1,M
09:23:12,2071.00,1,M
09:23:12,2071.00,1,M
09:23:12,2071.00,3,M
09:23:12,2071.00,2,M
09:23:12,2071.00,1,M
09:23:12,2071.00,3,M
09:23:12,2071.00,1,M
09:23:12,2071.00,2,M
09:23:12,2071.00,1,M
09:23:12,2071.00,2,M
09:23:12,2071.00,1,M
09:23:12,2071.00,1,M
09:23:12,2071.00,1,M
09:23:12,2071.00,1,M
09:23:12,2071.00,1,M
09:23:12,2071.00,26,M
09:23:12,2071.00,1,M
09:23:12,2071.00,10,M
09:23:12,2071.00,2,M
09:23:12,2071.00,4,M
09:23:12,2071.00,2,M
09:23:10,2071.00,1,M
09:23:10,2071.00,1,M
09:23:07,2071.00,2,M
09:23:05,2070.90,1,B
09:23:05,2071.00,1,M
09:23:02,2070.90,4,B
09:23:00,2070.90,1,B
09:22:59,2071.00,1,M
09:22:56,2070.90,1,B
09:22:54,2070.90,1,M
09:22:54,2070.90,5,M
09:22:53,2070.90,1,M
09:22:50,2070.90,2,M
09:22:50,2070.80,1,B
09:22:49,2070.80,1,B
09:22:46,2070.80,1,B
09:22:45,2070.80,1,B
09:22:44,2070.80,1,B
09:22:43,2070.90,1,M
09:22:42,2070.90,2,M
09:22:42,2071.00,1,M
09:22:42,2071.00,1,M
09:22:41,2071.00,1,M
09:22:41,2071.00,1,M
09:22:41,2070.90,1,M
09:22:41,2070.80,2,M
09:22:40,2070.80,2,M
09:22:40,2070.60,6,B
09:22:40,2070.60,4,B
09:22:39,2070.80,1,M
09:22:38,2070.80,5,B
09:22:35,2071.00,2,M
09:22:35,2071.00,1,M
09:22:35,2071.00,1,M
09:22:33,2070.80,3,B
09:22:33,2070.80,1,B
09:22:33,2070.80,1,B
09:22:33,2071.00,2,M
09:22:33,2071.00,1,M
09:22:32,2071.00,2,M
09:22:31,2071.00,1,M
09:22:30,2071.00,4,M
09:22:30,2071.00,1,M
09:22:28,2071.00,1,M
09:22:28,2071.00,1,M
09:22:28,2071.00,1,M
09:22:28,2071.00,3,M
09:22:28,2070.60,1,B
09:22:28,2070.70,1,B
09:22:28,2070.70,1,B
09:22:28,2070.70,4,B
09:22:27,2071.00,1,M
09:22:27,2071.00,20,M
09:22:27,2070.90,5,M
09:22:27,2070.90,2,M
09:22:27,2070.90,1,M
09:22:27,2070.90,1,M
09:22:27,2070.80,1,M
09:22:27,2070.80,1,M
09:22:27,2070.80,1,M
09:22:27,2070.80,1,M
09:22:27,2070.80,1,M
09:22:27,2070.80,2,M
09:22:27,2070.80,3,M
09:22:27,2070.80,2,M
09:22:27,2070.80,1,M
09:22:27,2070.80,1,M
09:22:26,2070.80,2,M
09:22:26,2070.80,1,M
09:22:26,2070.80,1,M
09:22:24,2070.80,1,M
09:22:24,2070.80,1,M
09:22:24,2070.80,1,M
09:22:23,2070.80,1,M
09:22:23,2070.80,1,M
09:22:22,2070.80,1,M
09:22:22,2070.70,1,B
09:22:22,2070.70,1,B
09:22:21,2070.70,10,B
09:22:20,2070.70,2,M
09:22:20,2070.70,10,M
09:22:19,2070.50,19,B
09:22:19,2070.70,1,M
09:22:17,2070.50,2,B
09:22:13,2070.50,1,B
09:22:13,2070.50,2,B
09:22:10,2070.30,1,B
09:22:09,2070.40,1,B
09:22:09,2070.40,1,B
09:22:08,2070.40,1,B
09:22:08,2070.50,1,B
09:22:06,2070.50,1,B
09:22:06,2070.70,1,B
09:22:04,2070.80,1,M
09:22:03,2070.80,1,M
09:22:02,2070.80,1,M
09:22:02,2070.80,1,M
09:22:02,2070.70,3,M
09:22:02,2070.70,1,M
09:22:01,2070.80,1,M
09:22:00,2070.80,1,M
09:21:57,2070.80,1,M
09:21:57,2070.40,3,B
09:21:57,2070.40,2,B
09:21:56,2070.80,2,M
09:21:56,2070.80,1,M
09:21:55,2070.70,1,M
09:21:54,2070.50,4,M
09:21:54,2070.80,1,M
09:21:53,2070.80,4,M
09:21:53,2070.70,1,B
09:21:52,2070.80,1,M
09:21:52,2070.70,2,B
09:21:52,2070.70,2,B
09:21:52,2070.70,1,B
09:21:50,2070.40,4,B
09:21:50,2070.40,1,B
09:21:49,2070.70,1,M
09:21:49,2070.70,1,M
09:21:47,2070.70,2,M
09:21:47,2070.70,1,M
09:21:47,2070.70,1,M
09:21:47,2070.60,1,M
09:21:47,2070.50,4,M
09:21:47,2070.30,2,B
09:21:45,2070.60,1,M
09:21:44,2070.60,1,M
09:21:44,2070.60,2,M
09:21:44,2070.60,1,M
09:21:44,2070.30,1,B
09:21:44,2070.30,1,B
09:21:44,2070.60,1,M
09:21:43,2070.70,1,M
09:21:42,2070.30,2,B
09:21:41,2070.70,1,M
09:21:39,2070.70,1,B
09:21:39,2070.70,1,B
09:21:39,2070.80,1,M
09:21:38,2070.70,1,B
09:21:37,2070.80,1,M
09:21:35,2070.70,6,B
09:21:33,2070.70,1,M
09:21:33,2070.70,1,M
09:21:33,2070.70,1,M
09:21:33,2070.70,1,M
09:21:33,2070.70,1,M
09:21:33,2070.70,2,M
09:21:33,2070.70,1,M
09:21:33,2070.50,2,B
09:21:31,2070.70,1,M
09:21:31,2070.70,4,M
09:21:30,2070.70,1,M
09:21:29,2070.60,1,M
09:21:29,2070.60,1,M
09:21:29,2070.60,1,M
09:21:29,2070.60,1,M
09:21:29,2070.50,1,M
09:21:29,2070.50,1,M
09:21:29,2070.50,2,M
09:21:29,2070.50,1,M
09:21:29,2070.50,1,M
09:21:29,2070.50,1,M
09:21:29,2070.50,1,M
09:21:29,2070.50,1,M
09:21:29,2070.50,1,M
09:21:29,2070.50,1,M
09:21:28,2070.30,2,B
09:21:28,2070.50,1,M
09:21:28,2070.50,2,M
09:21:28,2070.50,2,M
09:21:28,2070.50,1,M
09:21:28,2070.50,1,M
09:21:28,2070.50,1,M
09:21:28,2070.50,7,M
09:21:28,2070.50,1,M
09:21:27,2070.50,1,M
09:21:26,2070.30,1,B
09:21:25,2070.50,1,M
09:21:24,2070.50,2,M
09:21:22,2070.40,2,M
09:21:22,2070.40,1,M
09:21:21,2070.30,10,B
09:21:20,2070.30,1,M
09:21:20,2070.30,6,M
09:21:20,2070.20,1,B
09:21:20,2070.20,7,B
09:21:19,2070.20,1,B
09:21:19,2070.20,2,B
09:21:15,2070.30,1,M
09:21:15,2070.30,2,M
09:21:14,2070.20,1,B
09:21:14,2070.20,1,B
09:21:11,2070.30,1,M
09:21:07,2070.20,2,B
09:21:07,2070.20,1,B
09:21:06,2070.40,1,M
09:21:05,2070.40,10,M
09:21:02,2070.20,2,B
09:21:02,2070.20,4,B
09:21:02,2070.20,3,B
09:21:02,2070.40,1,M
09:21:01,2070.50,1,M
09:21:01,2070.20,4,B
09:21:00,2070.50,1,M
09:21:00,2070.50,1,M
09:21:00,2070.50,1,M
09:20:59,2070.50,1,M
09:20:59,2070.50,1,M
09:20:58,2070.40,1,M
09:20:58,2070.40,1,M
09:20:58,2070.40,1,M
09:20:57,2070.40,1,M
09:20:56,2070.50,1,M
09:20:56,2070.50,1,M
09:20:55,2070.20,9,B
09:20:55,2070.50,1,M
09:20:54,2070.50,1,M
09:20:54,2070.50,1,M
09:20:53,2070.40,1,M
09:20:53,2070.40,1,M
09:20:53,2070.20,2,B
09:20:51,2070.10,11,B
09:20:51,2070.10,4,B
09:20:50,2070.10,2,B
09:20:50,2070.10,7,B
09:20:50,2070.10,2,B
09:20:50,2070.10,1,B
09:20:50,2070.40,1,M
09:20:50,2070.20,1,B
09:20:50,2070.20,1,B
09:20:50,2070.20,1,B
09:20:50,2070.20,1,B
09:20:50,2070.20,6,B
09:20:49,2070.40,1,M
09:20:45,2070.20,1,B
09:20:44,2070.20,8,B
09:20:44,2070.20,1,B
09:20:44,2070.50,1,M
09:20:43,2070.30,1,M
09:20:42,2070.20,1,B
09:20:42,2070.50,1,M
09:20:42,2070.50,1,M
09:20:41,2070.50,2,M
09:20:41,2070.50,1,M
09:20:39,2070.10,10,B
09:20:39,2070.40,1,M
09:20:39,2070.20,5,M
09:20:38,2070.10,10,B
09:20:37,2070.10,5,B
09:20:37,2070.10,1,B
09:20:37,2070.10,2,B
09:20:36,2070.10,1,B
09:20:36,2070.20,1,M
09:20:35,2070.10,2,B
09:20:34,2070.10,1,B
09:20:34,2070.50,1,M
09:20:34,2070.10,4,B
09:20:33,2070.50,1,M
09:20:33,2070.10,10,B
09:20:33,2070.10,2,B
09:20:33,2070.10,5,B
09:20:33,2070.10,5,B
09:20:32,2070.30,1,M
09:20:32,2070.10,2,B
09:20:32,2070.10,1,M
09:20:30,2070.00,3,B
09:20:30,2070.00,1,B
09:20:30,2070.00,3,B
09:20:29,2070.00,1,B
09:20:28,2070.00,1,B
09:20:28,2070.10,1,B
09:20:28,2070.10,1,M
09:20:28,2070.10,1,M
09:20:28,2070.10,1,M
09:20:28,2070.00,1,M
09:20:28,2070.00,2,M
09:20:28,2069.90,1,M
09:20:28,2069.50,2,B
09:20:28,2069.50,4,B
09:20:28,2069.50,3,B
09:20:28,2069.50,1,B
09:20:28,2069.50,1,B
09:20:28,2069.50,2,B
09:20:28,2069.50,9,B
09:20:28,2069.50,1,B
09:20:28,2069.60,1,B
09:20:27,2069.60,1,B
09:20:27,2069.60,3,B
09:20:27,2069.60,1,B
09:20:27,2069.60,2,B
09:20:27,2069.60,2,B
09:20:27,2069.60,20,B
09:20:27,2069.70,20,B
09:20:27,2069.70,2,B
09:20:27,2069.70,1,B
09:20:27,2069.80,1,B
09:20:27,2069.80,4,B
09:20:27,2069.80,1,B
09:20:27,2069.90,1,B
09:20:27,2069.90,1,B
09:20:27,2069.90,2,B
09:20:27,2069.90,1,B
09:20:27,2069.90,1,B
09:20:27,2069.90,1,B
09:20:27,2069.90,11,B
09:20:27,2070.00,4,B
09:20:27,2070.00,1,B
09:20:26,2070.00,1,B
09:20:26,2069.90,1,B
09:20:26,2070.00,1,B
09:20:26,2070.10,1,M
09:20:26,2070.10,3,M
09:20:26,2070.10,1,M
09:20:25,2070.10,1,M
09:20:25,2070.00,1,M
09:20:24,2069.90,4,B
09:20:24,2070.00,1,B
09:20:24,2070.10,1,M
09:20:24,2070.10,1,M
09:20:24,2069.90,2,B
09:20:24,2070.10,1,M
09:20:24,2070.10,1,M
09:20:22,2070.10,1,M
09:20:22,2069.90,1,B
09:20:22,2070.00,1,B
09:20:22,2070.00,2,B
09:20:22,2070.00,6,B
09:20:22,2070.50,1,M
09:20:22,2069.90,1,B
09:20:22,2069.90,1,B
09:20:22,2069.90,1,B
09:20:22,2070.00,1,B
09:20:22,2070.00,1,B
09:20:22,2070.00,1,B
09:20:22,2070.10,1,B
09:20:22,2070.10,1,B
09:20:22,2070.10,1,B
09:20:21,2070.10,1,B
09:20:21,2070.10,2,B
09:20:21,2070.10,5,B
09:20:21,2070.20,1,B
09:20:21,2070.20,1,B
09:20:18,2070.10,3,B
09:20:18,2070.20,1,B
09:20:18,2070.50,1,B
09:20:18,2070.50,2,B
09:20:18,2070.60,1,B
09:20:18,2070.60,1,M
09:20:17,2070.60,1,M
09:20:17,2070.60,1,M
09:20:17,2070.60,1,M
09:20:17,2070.70,3,M
09:20:16,2070.00,7,B
09:20:16,2070.00,1,B
09:20:16,2070.10,2,B
09:20:16,2070.10,1,B
09:20:16,2070.10,30,B
09:20:16,2070.20,1,B
09:20:16,2070.20,1,B
09:20:16,2070.20,1,B
09:20:16,2070.30,1,B
09:20:16,2070.30,4,B
09:20:16,2070.40,1,B
09:20:16,2070.30,8,B
09:20:16,2070.40,2,B
09:20:16,2070.80,1,M
09:20:16,2070.30,8,B
09:20:16,2070.30,1,B
09:20:16,2070.80,1,M
09:20:16,2070.80,1,M
09:20:16,2070.80,1,M
09:20:16,2070.80,1,M
09:20:16,2070.70,1,M
09:20:15,2070.30,2,B
09:20:15,2070.30,1,B
09:20:15,2070.70,1,M
09:20:15,2070.70,1,M
09:20:14,2070.70,1,M
09:20:14,2070.70,1,M
09:20:14,2070.20,1,B
09:20:14,2070.80,1,M
09:20:14,2070.70,1,M
09:20:14,2070.70,1,M
09:20:14,2070.70,1,M
09:20:14,2070.60,1,M
09:20:14,2070.50,1,M
09:20:14,2070.40,4,M
09:20:12,2070.10,1,M
09:20:12,2070.10,1,B
09:20:12,2070.30,1,M
09:20:12,2070.30,1,M
09:20:12,2070.30,1,M
09:20:12,2070.30,1,M
09:20:12,2070.30,1,M
09:20:12,2070.30,3,M
09:20:12,2070.30,1,M
09:20:11,2070.10,1,M
09:20:11,2070.10,1,M
09:20:11,2070.10,1,M
09:20:11,2070.10,1,M
09:20:11,2070.00,2,B
09:20:11,2069.90,1,B
09:20:11,2070.00,1,B
09:20:10,2069.90,8,B
09:20:10,2070.00,2,B
09:20:10,2070.00,2,B
09:20:10,2070.00,6,B
09:20:10,2070.00,10,B
09:20:10,2070.10,1,M
09:20:10,2070.10,1,M
09:20:10,2070.10,1,M
09:20:10,2070.10,1,M
09:20:10,2070.10,2,M
09:20:10,2070.10,1,M
09:20:09,2070.10,1,M
09:20:09,2070.10,1,M
09:20:08,2070.10,1,M
09:20:08,2070.10,1,M
09:20:07,2070.10,1,M
09:20:07,2070.10,1,M
09:20:06,2070.00,2,B
09:20:06,2070.10,2,M
09:20:06,2070.10,1,M
09:20:06,2070.10,1,M
09:20:06,2070.10,1,M
09:20:06,2070.10,1,M
09:20:05,2070.00,2,B
09:20:05,2070.00,1,M
09:20:05,2069.90,2,B
09:20:04,2069.90,2,B
09:20:04,2069.90,1,B
09:20:03,2069.90,3,M
09:20:03,2069.80,1,M
09:20:03,2069.70,2,M
09:20:02,2069.60,3,B
09:20:02,2069.60,3,B
09:20:01,2069.60,1,B
09:20:01,2069.80,1,M
09:20:01,2069.90,1,B
09:20:00,2069.90,1,B
09:20:00,2069.60,1,B
09:20:00,2069.60,1,B
09:20:00,2069.60,1,B
09:20:00,2069.60,1,B
09:20:00,2069.60,1,B
09:20:00,2069.70,1,B
09:20:00,2069.70,5,B
09:20:00,2069.70,1,B
09:20:00,2069.70,1,B
09:20:00,2069.80,1,B
09:20:00,2069.80,1,B
09:20:00,2069.80,1,B
09:20:00,2069.80,1,B
09:20:00,2069.90,2,B
09:20:00,2069.90,3,B
09:19:59,2069.90,1,B
09:19:59,2069.90,1,B
09:19:58,2070.00,1,B
09:19:58,2070.00,1,B
09:19:58,2070.00,1,B
09:19:58,2070.00,1,B
09:19:58,2070.00,3,B
09:19:58,2070.00,1,B
09:19:58,2070.00,3,B
09:19:58,2070.00,1,B
09:19:58,2070.00,2,B
09:19:57,2070.00,2,B
09:19:57,2070.00,1,B
09:19:57,2070.00,1,B
09:19:57,2070.00,9,B
09:19:57,2070.00,1,B
09:19:57,2070.10,1,M
09:19:57,2070.00,1,B
09:19:56,2070.00,2,B
09:19:56,2070.00,5,B
09:19:56,2070.00,3,B
09:19:56,2070.00,2,B
09:19:56,2070.00,2,B
09:19:56,2070.00,1,B
09:19:56,2070.00,1,B
09:19:55,2070.00,1,B
09:19:55,2070.00,2,B
09:19:55,2070.00,1,B
09:19:55,2070.00,1,B
09:19:55,2070.00,2,B
09:19:55,2070.10,1,B
09:19:55,2070.10,1,B
09:19:55,2070.10,1,B
09:19:54,2070.10,1,B
09:19:53,2070.20,1,B
09:19:53,2070.70,11,M
09:19:53,2070.60,2,M
09:19:53,2070.60,1,M
09:19:53,2070.60,1,M
09:19:53,2070.50,2,M
09:19:53,2070.10,1,B
09:19:53,2070.10,1,B
09:19:53,2070.20,1,B
09:19:53,2070.20,1,B
09:19:53,2070.50,2,M
09:19:53,2070.10,1,B
09:19:53,2070.70,8,M
09:19:53,2070.60,5,M
09:19:53,2070.50,1,M
09:19:53,2070.30,1,M
09:19:53,2070.00,1,B
09:19:53,2070.00,1,B
09:19:53,2070.00,2,B
09:19:53,2070.00,1,B
09:19:53,2070.00,5,B
09:19:53,2070.00,1,B
09:19:53,2070.00,10,B
09:19:53,2070.00,1,B
09:19:53,2070.00,5,B
09:19:53,2070.00,1,B
09:19:53,2070.00,6,B
09:19:53,2070.00,10,B
09:19:53,2070.10,1,B
09:19:53,2070.10,1,B
09:19:53,2070.10,1,B
09:19:53,2070.10,1,B
09:19:53,2070.10,1,B
09:19:53,2070.10,1,B
09:19:53,2070.10,1,B
09:19:52,2070.50,2,M
09:19:52,2070.10,1,B
09:19:52,2070.20,1,B
09:19:52,2070.20,1,B
09:19:52,2070.20,5,B
09:19:52,2070.20,1,B
09:19:52,2070.20,3,B
09:19:52,2070.20,3,B
09:19:52,2070.20,5,B
09:19:52,2070.20,3,B
09:19:52,2070.30,1,B
09:19:52,2070.30,1,B
09:19:52,2070.30,1,B
09:19:52,2070.40,4,B
09:19:52,2070.40,1,B
09:19:52,2070.40,30,B
09:19:52,2070.40,1,B
09:19:52,2070.40,1,B
09:19:52,2070.40,1,B
09:19:52,2070.40,1,B
09:19:52,2070.40,16,B
09:19:52,2070.40,2,B
09:19:52,2070.40,12,B
09:19:52,2070.50,2,M
09:19:52,2070.50,10,M
09:19:52,2070.50,1,B
09:19:52,2070.50,1,B
09:19:52,2070.50,1,B
09:19:52,2070.50,2,B
09:19:52,2070.50,1,B
09:19:52,2070.50,1,B
09:19:52,2070.50,1,B
09:19:52,2070.50,1,B
09:19:52,2070.50,1,B
09:19:52,2070.50,1,B
09:19:52,2070.50,4,B
09:19:52,2070.50,1,B
09:19:52,2070.50,9,B
09:19:51,2070.60,1,B
09:19:51,2070.60,2,B
09:19:51,2070.60,24,B
09:19:51,2070.60,2,B
09:19:50,2070.70,1,B
09:19:49,2070.70,1,B
09:19:49,2070.80,1,B
09:19:48,2070.80,1,B
09:19:47,2071.10,1,M
09:19:47,2071.00,1,M
09:19:47,2071.00,1,M
09:19:45,2070.70,1,B
09:19:45,2070.70,1,B
09:19:44,2070.90,1,M
09:19:44,2070.80,1,M
09:19:44,2070.70,1,M
09:19:44,2070.70,1,M
09:19:43,2070.60,1,B
09:19:43,2070.60,4,B
09:19:43,2070.60,1,B
09:19:43,2070.60,10,B
09:19:43,2070.60,1,B
09:19:43,2070.80,4,B
09:19:42,2070.80,1,B
09:19:41,2070.60,3,B
09:19:41,2070.60,1,B
09:19:41,2070.60,1,B
09:19:41,2070.70,1,B
09:19:41,2070.70,2,B
09:19:41,2070.70,2,B
09:19:41,2071.10,3,M
09:19:41,2071.10,1,M
09:19:41,2071.10,1,M
09:19:41,2071.00,2,M
09:19:41,2071.00,1,M
09:19:41,2071.00,1,M
09:19:41,2071.00,1,M
09:19:41,2070.70,1,B
09:19:39,2070.90,1,B
09:19:37,2070.70,1,B
09:19:37,2070.70,3,B
09:19:37,2070.80,1,B
09:19:37,2070.80,1,B
09:19:36,2071.00,3,B
09:19:36,2071.00,1,B
09:19:36,2071.00,13,B
09:19:36,2071.00,1,B
09:19:36,2071.00,5,B
09:19:36,2071.00,5,B
09:19:36,2071.00,21,B
09:19:36,2071.10,1,M
09:19:36,2071.00,20,B
09:19:36,2071.00,1,B
09:19:35,2071.00,1,B
09:19:34,2071.00,1,B
09:19:32,2071.10,1,M
09:19:32,2071.10,4,M
09:19:31,2071.00,2,B
09:19:31,2071.00,4,B
09:19:29,2071.10,1,M
09:19:29,2071.00,1,B
09:19:29,2071.10,1,B
09:19:28,2071.10,1,B
09:19:28,2071.10,1,B
09:19:28,2071.10,1,B
09:19:28,2071.10,1,B
09:19:27,2071.10,3,B
09:19:26,2071.10,1,B
09:19:25,2071.10,2,B
09:19:25,2071.10,3,B
09:19:25,2071.10,1,B
09:19:24,2071.30,1,M
09:19:23,2071.10,1,B
09:19:23,2071.10,1,B
09:19:22,2071.30,1,M
09:19:19,2071.10,1,B
09:19:19,2071.10,1,B
09:19:18,2071.10,1,B
09:19:18,2071.10,1,B
09:19:18,2071.20,1,M
09:19:18,2071.10,1,B
09:19:17,2071.10,1,B
09:19:17,2071.20,1,B
09:19:17,2071.10,1,B
09:19:17,2071.10,1,B
09:19:16,2071.10,7,B
09:19:16,2071.10,1,B
09:19:15,2071.10,1,B
09:19:15,2071.10,3,B
09:19:15,2071.10,1,B
09:19:14,2071.30,1,B
09:19:13,2071.30,1,B
09:19:09,2071.50,1,M
09:19:08,2071.50,1,M
09:19:07,2071.50,3,M
09:19:07,2071.40,1,M
09:19:07,2071.40,1,M
09:19:06,2071.00,1,B
09:19:06,2071.40,1,M
09:19:05,2071.40,14,B
09:19:05,2071.40,4,M
09:19:05,2071.30,1,M
09:19:05,2071.00,31,M
09:19:05,2071.00,1,B
09:19:05,2071.20,1,B
09:19:04,2071.40,1,M
09:19:04,2071.10,1,B
09:19:04,2071.10,1,B
09:19:04,2071.40,1,M
09:19:03,2071.40,1,M
09:19:03,2071.40,1,M
09:19:03,2071.30,1,M
09:19:02,2071.00,1,B
09:19:02,2071.40,2,M
09:19:02,2071.30,1,M
09:19:02,2071.20,1,M
09:19:02,2071.20,1,M
09:19:02,2071.10,1,M
09:19:02,2071.10,5,M
09:19:02,2071.10,2,M
09:19:01,2071.00,1,B
09:19:00,2071.00,1,M
09:19:00,2070.90,1,M
09:19:00,2070.90,1,B
09:18:59,2070.80,5,M
09:18:59,2070.70,2,B
09:18:59,2071.00,2,M
09:18:59,2071.00,2,B
09:18:58,2070.70,1,B
09:18:58,2070.70,5,B
09:18:58,2070.80,1,B
09:18:58,2070.80,1,B
09:18:58,2070.80,1,B
09:18:58,2070.80,5,B
09:18:58,2070.80,1,B
09:18:58,2070.80,36,B
09:18:57,2070.80,11,B
09:18:57,2070.90,5,B
09:18:57,2070.90,2,B
09:18:57,2070.90,1,B
09:18:57,2070.90,31,B
09:18:57,2070.90,3,B
09:18:57,2071.10,10,M
09:18:56,2071.10,2,M
09:18:56,2071.00,1,M
09:18:55,2071.00,1,B
09:18:55,2071.00,1,B
09:18:55,2071.00,2,B
09:18:55,2071.00,1,B
09:18:55,2071.00,1,B
09:18:55,2071.00,4,B
09:18:55,2071.20,1,B
09:18:54,2071.20,1,M
09:18:54,2071.00,6,B
09:18:54,2071.00,2,B
09:18:54,2071.10,2,B
09:18:53,2071.10,2,B
09:18:53,2071.20,1,M
09:18:52,2071.00,1,B
09:18:52,2071.00,3,B
09:18:52,2071.00,1,B
09:18:52,2071.00,1,B
09:18:52,2071.00,2,B
09:18:51,2071.10,1,B
09:18:51,2071.10,1,B
09:18:51,2071.10,1,B
09:18:49,2071.00,1,B
09:18:49,2071.40,7,M
09:18:49,2071.30,1,M
09:18:49,2071.20,1,M
09:18:49,2071.20,1,M
09:18:49,2071.20,5,M
09:18:49,2071.10,1,M
09:18:48,2071.00,2,B
09:18:48,2071.00,1,B
09:18:48,2071.00,1,B
09:18:48,2071.00,1,B
09:18:48,2071.00,1,B
09:18:48,2071.00,1,B
09:18:48,2071.10,2,B
09:18:48,2071.10,1,B
09:18:47,2071.20,1,M
09:18:47,2071.10,1,B
09:18:47,2071.10,1,B
09:18:47,2071.10,1,B
09:18:47,2071.10,6,B
09:18:47,2071.10,1,B
09:18:46,2071.20,1,M
09:18:46,2071.20,1,M
09:18:46,2071.10,5,B
09:18:46,2071.20,1,M
09:18:45,2071.20,1,M
09:18:45,2071.20,1,M
09:18:44,2071.20,1,M
09:18:44,2071.20,1,B
09:18:44,2071.70,14,M
09:18:44,2071.30,1,M
09:18:44,2071.10,41,B
09:18:44,2071.20,1,B
09:18:44,2071.20,8,B
09:18:44,2071.20,2,B
09:18:44,2071.20,1,B
09:18:44,2071.30,1,B
09:18:44,2071.70,1,M
09:18:44,2071.40,1,M
09:18:43,2071.70,1,M
09:18:43,2071.50,1,M
09:18:43,2071.50,8,M
09:18:43,2071.40,1,M
09:18:43,2071.40,1,B
09:18:42,2071.40,1,M
09:18:42,2071.40,1,B
09:18:40,2071.40,1,M
09:18:40,2071.40,2,M
09:18:40,2071.30,1,B
09:18:39,2072.00,1,M
09:18:39,2072.00,20,M
09:18:39,2072.00,1,M
09:18:39,2072.00,1,M
09:18:39,2072.00,10,M
09:18:39,2072.00,1,M
09:18:39,2071.90,6,M
09:18:39,2071.90,1,M
09:18:39,2071.90,1,M
09:18:39,2071.90,1,M
09:18:39,2071.90,1,M
09:18:39,2071.80,4,M
09:18:39,2071.80,5,M
09:18:39,2071.70,1,M
09:18:39,2071.70,1,M
09:18:39,2071.70,1,M
09:18:39,2071.70,1,M
09:18:39,2071.70,12,M
09:18:39,2071.70,1,M
09:18:39,2071.60,1,M
09:18:39,2071.50,12,M
09:18:39,2071.50,3,M
09:18:39,2071.50,6,M
09:18:39,2071.50,3,M
09:18:39,2071.40,2,M
09:18:39,2071.40,1,M
09:18:39,2071.40,1,M
09:18:39,2071.40,1,M
09:18:39,2071.10,20,B
09:18:39,2071.30,1,M
09:18:39,2071.20,1,B
09:18:38,2071.40,5,M
09:18:38,2071.20,5,B
09:18:38,2071.20,1,B
09:18:38,2071.20,1,B
09:18:38,2071.20,1,B
09:18:38,2071.20,2,B
09:18:38,2071.20,3,B
09:18:38,2071.20,3,B
09:18:38,2071.30,2,B
09:18:37,2071.20,1,B
09:18:37,2071.20,3,B
09:18:36,2071.50,1,M
09:18:36,2071.50,1,M
09:18:35,2071.50,1,M
09:18:35,2071.50,3,M
09:18:35,2071.50,1,M
09:18:35,2071.50,1,M
09:18:35,2071.50,4,M
09:18:35,2071.50,6,M
09:18:35,2071.40,1,M
09:18:35,2071.40,1,M
09:18:35,2071.40,1,M
09:18:35,2071.20,1,M
09:18:35,2071.20,4,M
09:18:35,2071.20,3,M
09:18:35,2071.10,6,B
09:18:35,2070.90,1,B
09:18:34,2070.90,1,B
09:18:34,2070.90,14,B
09:18:34,2070.90,9,B
09:18:34,2071.00,1,B
09:18:34,2071.00,6,B
09:18:34,2071.00,2,B
09:18:33,2071.20,1,M
09:18:33,2071.00,4,B
09:18:33,2071.20,3,M
09:18:32,2071.00,1,B
09:18:31,2070.90,2,B
09:18:31,2071.00,2,B
09:18:31,2071.00,1,B
09:18:31,2071.20,3,B
09:18:31,2071.20,5,M
09:18:31,2071.20,6,M
09:18:30,2070.90,6,B
09:18:30,2071.20,1,M
09:18:30,2070.90,2,B
09:18:30,2071.10,1,B
09:18:30,2071.10,1,B
09:18:30,2071.10,1,B
09:18:30,2071.10,1,B
09:18:29,2071.20,1,M
09:18:29,2070.90,1,B
09:18:29,2070.90,1,B
09:18:29,2071.00,6,B
09:18:29,2071.00,1,B
09:18:29,2071.00,1,B
09:18:29,2071.20,17,M
09:18:29,2071.00,5,B
09:18:29,2071.00,1,B
09:18:28,2071.20,2,M
09:18:27,2071.10,1,M
09:18:27,2071.00,1,B
09:18:27,2071.00,1,B
09:18:27,2071.00,1,B
09:18:27,2071.00,1,B
09:18:27,2071.00,2,B
09:18:27,2071.00,1,B
09:18:27,2071.20,1,M
09:18:27,2071.20,1,M
09:18:26,2071.20,1,M
09:18:26,2071.20,1,M
09:18:26,2071.20,1,M
09:18:26,2071.20,1,M
09:18:25,2071.10,6,B
09:18:25,2071.10,1,B
09:18:25,2071.20,3,B
09:18:25,2071.20,1,B
09:18:25,2071.20,4,B
09:18:25,2071.20,1,B
09:18:25,2071.20,1,B
09:18:25,2071.20,1,B
09:18:25,2071.20,2,B
09:18:25,2071.20,1,B
09:18:25,2071.20,3,B
09:18:25,2071.20,1,B
09:18:24,2071.20,4,B
09:18:23,2071.50,4,M
09:18:23,2071.50,1,M
09:18:23,2071.50,2,M
09:18:21,2071.50,2,M
09:18:21,2071.50,11,M
09:18:21,2071.50,2,M
09:18:21,2071.50,2,M
09:18:21,2071.50,1,M
09:18:21,2071.50,1,M
09:18:21,2071.50,1,M
09:18:20,2071.20,1,B
09:18:20,2071.50,1,M
09:18:20,2071.50,1,M
09:18:20,2071.50,1,M
09:18:18,2071.50,1,M
09:18:18,2071.50,1,M
09:18:17,2071.20,1,B
09:18:17,2071.50,1,M
09:18:16,2071.50,2,M
09:18:16,2071.50,1,M
09:18:15,2071.20,1,B
09:18:15,2071.20,1,B
09:18:15,2071.20,1,B
09:18:14,2071.30,1,B
09:18:14,2071.40,1,B
09:18:14,2071.40,1,B
09:18:14,2071.50,1,M
09:18:14,2071.50,1,M
09:18:13,2071.20,1,B
09:18:12,2071.60,1,M
09:18:12,2071.10,1,B
09:18:12,2071.10,2,B
09:18:12,2071.20,1,B
09:18:12,2071.20,1,B
09:18:12,2071.20,1,B
09:18:12,2071.30,1,B
09:18:12,2071.30,1,B
09:18:11,2071.70,2,M
09:18:11,2071.20,10,B
09:18:11,2071.30,1,B
09:18:11,2071.30,4,B
09:18:11,2071.70,1,M
09:18:11,2071.50,1,B
09:18:11,2071.70,5,B
09:18:10,2071.90,2,M
09:18:08,2071.90,1,M
09:18:07,2071.90,1,M
09:18:07,2071.90,1,M
09:18:07,2071.50,1,B
09:18:07,2071.50,3,B
09:18:07,2071.50,1,B
09:18:06,2071.50,1,B
09:18:06,2071.50,1,B
09:18:06,2071.80,3,B
09:18:06,2071.90,3,M
09:18:05,2071.90,1,B
09:18:05,2072.00,1,M
09:18:05,2072.00,1,M
09:18:05,2072.00,1,M
09:18:05,2072.00,1,M
09:18:05,2072.00,3,B
09:18:05,2072.00,1,B
09:18:05,2072.00,1,B
09:18:05,2072.00,1,B
09:18:05,2072.00,186,B
09:18:05,2072.00,1,B
09:18:05,2072.00,5,B
09:18:05,2072.00,71,B
09:18:04,2072.10,1,B
09:18:04,2072.10,1,B
09:18:04,2072.10,3,B
09:18:04,2072.10,1,B
09:18:04,2072.10,5,B
09:18:04,2072.20,1,M
09:18:04,2072.30,1,M
09:18:03,2072.30,3,M
09:18:03,2072.10,2,B
09:18:02,2072.10,1,B
09:18:02,2072.10,1,B
09:18:02,2072.10,2,B
09:18:02,2072.20,1,M
09:18:02,2072.10,1,B
09:18:02,2072.10,1,B
09:18:01,2072.20,1,B
09:18:01,2072.20,1,B
09:18:01,2072.20,1,B
09:18:01,2072.20,1,B
09:18:01,2072.30,1,M
09:18:00,2072.30,1,M
09:18:00,2072.20,1,B
09:18:00,2072.30,2,M
09:17:59,2072.20,1,B
09:17:59,2072.20,1,B
09:17:59,2072.20,3,B
09:17:59,2072.20,1,B
09:17:59,2072.20,1,B
09:17:59,2072.20,1,B
09:17:59,2072.20,1,B
09:17:59,2072.30,1,M
09:17:59,2072.30,1,M
09:17:59,2072.20,1,B
09:17:58,2072.20,1,B
09:17:58,2072.30,1,M
09:17:58,2072.20,1,B
09:17:58,2072.30,2,M
09:17:57,2072.40,2,M
09:17:57,2072.40,1,M
09:17:56,2072.50,1,M
09:17:56,2072.40,1,M
09:17:56,2072.50,30,M
09:17:56,2072.50,1,M
09:17:56,2072.20,3,B
09:17:56,2072.30,1,B
09:17:56,2072.30,1,B
09:17:56,2072.50,1,M
09:17:56,2072.50,1,M
09:17:55,2072.50,1,M
09:17:55,2072.30,1,B
09:17:55,2072.50,1,M
09:17:54,2072.50,5,M
09:17:54,2072.50,2,M
09:17:54,2072.20,4,B
09:17:54,2072.20,5,B
09:17:54,2072.20,1,B
09:17:54,2072.50,1,M
09:17:54,2072.50,1,M
09:17:54,2072.50,1,M
09:17:54,2072.50,17,M
09:17:54,2072.50,1,M
09:17:53,2072.50,9,M
09:17:53,2072.50,1,M
09:17:53,2072.50,5,M
09:17:53,2072.50,1,M
09:17:53,2072.50,2,M
09:17:53,2072.50,4,M
09:17:53,2072.50,1,M
09:17:53,2072.50,1,M
09:17:53,2072.40,15,M
09:17:53,2072.40,1,M
09:17:53,2072.40,1,M
09:17:53,2072.40,2,M
09:17:53,2072.40,1,M
09:17:53,2072.30,2,M
09:17:53,2072.30,2,M
09:17:53,2072.30,2,M
09:17:53,2072.30,1,M
09:17:53,2072.30,5,M
09:17:53,2072.30,2,M
09:17:53,2072.30,2,M
09:17:53,2072.20,4,M
09:17:53,2072.20,6,M
09:17:52,2072.20,6,M
09:17:52,2072.20,4,M
09:17:52,2072.20,1,M
09:17:52,2072.20,4,M
09:17:52,2072.20,1,M
09:17:52,2072.20,1,M
09:17:52,2072.20,1,M
09:17:51,2072.10,2,B
09:17:51,2072.20,1,M
09:17:51,2072.10,2,B
09:17:51,2072.20,2,M
09:17:51,2072.20,2,M
09:17:51,2072.20,1,M
09:17:50,2072.10,1,M
09:17:50,2072.10,2,M
09:17:50,2072.10,6,M
09:17:50,2072.00,1,B
09:17:50,2072.00,1,B
09:17:50,2072.00,1,B
09:17:50,2072.10,4,M
09:17:50,2072.10,2,M
09:17:50,2072.10,2,M
09:17:50,2072.10,3,M
09:17:50,2072.10,1,M
09:17:50,2072.10,1,M
09:17:50,2071.90,4,B
09:17:50,2072.10,7,M
09:17:50,2072.00,1,M
09:17:50,2071.90,8,M
09:17:50,2072.00,1,M
09:17:49,2072.00,1,M
09:17:49,2072.00,4,M
09:17:49,2071.90,4,B
09:17:48,2071.90,1,B
09:17:48,2072.00,1,M
09:17:48,2072.00,7,B
09:17:48,2072.00,1,M
09:17:48,2072.00,1,M
09:17:48,2072.00,1,M
09:17:48,2072.00,4,M
09:17:48,2072.00,1,M
09:17:48,2072.00,4,M
09:17:48,2072.00,1,M
09:17:48,2072.00,4,M
09:17:48,2072.00,1,M
09:17:48,2072.00,3,M
09:17:48,2072.00,2,M
09:17:48,2072.00,1,M
09:17:47,2072.00,1,M
09:17:47,2072.00,1,M
09:17:47,2072.00,1,M
09:17:47,2072.00,1,M
09:17:47,2072.00,1,M
09:17:47,2072.00,1,M
09:17:47,2072.00,1,M
09:17:47,2072.00,1,M
09:17:47,2072.00,1,M
09:17:47,2072.00,1,M
09:17:47,2072.00,1,M
09:17:47,2071.90,2,M
09:17:47,2072.00,2,M
09:17:47,2072.00,1,M
09:17:47,2072.00,2,M
09:17:47,2072.00,1,M
09:17:47,2072.00,1,M
09:17:47,2072.00,2,M
09:17:47,2072.00,2,M
09:17:47,2072.00,1,M
09:17:47,2072.00,1,M
09:17:47,2072.00,1,M
09:17:47,2072.00,1,M
09:17:47,2072.00,1,M
09:17:47,2072.00,2,M
09:17:47,2072.00,1,M
09:17:46,2072.00,2,M
09:17:46,2072.00,1,M
09:17:46,2072.00,1,M
09:17:46,2072.00,1,M
09:17:46,2072.00,2,M
09:17:46,2072.00,2,M
09:17:46,2072.00,1,M
09:17:46,2072.00,2,M
09:17:46,2072.00,1,M
09:17:46,2072.00,2,M
09:17:46,2072.00,1,M
09:17:46,2072.00,2,M
09:17:46,2072.00,2,M
09:17:46,2072.00,1,M
09:17:46,2072.00,2,M
09:17:45,2072.00,2,M
09:17:45,2072.00,1,M
09:17:45,2072.00,2,M
09:17:45,2072.00,1,M
09:17:45,2071.90,2,M
09:17:45,2071.90,5,M
09:17:45,2071.90,1,M
09:17:45,2071.90,1,M
09:17:45,2071.90,2,M
09:17:45,2071.90,2,M
09:17:45,2071.90,3,M
09:17:45,2071.90,2,M
09:17:45,2071.90,1,M
09:17:45,2071.90,1,M
09:17:45,2071.90,1,M
09:17:45,2071.90,2,M
09:17:45,2071.80,1,M
09:17:45,2071.80,2,M
09:17:45,2071.80,1,M
09:17:45,2071.80,1,M
09:17:44,2071.80,2,M
09:17:44,2071.80,1,M
09:17:44,2071.80,2,M
09:17:44,2071.80,3,M
09:17:44,2071.80,1,M
09:17:44,2071.80,1,M
09:17:44,2071.80,1,M
09:17:44,2071.80,2,M
09:17:44,2071.80,1,M
09:17:44,2071.50,1,B
09:17:43,2071.80,1,M
09:17:43,2071.70,1,M
09:17:43,2071.70,2,M
09:17:43,2071.70,2,M
09:17:43,2071.70,1,M
09:17:43,2071.70,2,M
09:17:43,2071.70,3,M
09:17:43,2071.60,1,M
09:17:43,2071.60,1,M
09:17:43,2071.60,1,M
09:17:43,2071.60,2,M
09:17:43,2071.60,2,M
09:17:43,2071.60,1,M
09:17:43,2071.60,1,M
09:17:43,2071.60,1,M
09:17:43,2071.60,2,M
09:17:43,2071.60,1,M
09:17:43,2071.60,2,M
09:17:43,2071.60,1,M
09:17:43,2071.50,2,M
09:17:42,2071.50,3,M
09:17:42,2071.50,5,M
09:17:42,2071.50,2,M
09:17:42,2071.50,1,M
09:17:42,2071.50,20,M
09:17:41,2071.50,20,M
09:17:41,2071.50,20,M
09:17:41,2071.50,20,M
09:17:41,2071.50,1,M
09:17:40,2071.50,18,M
09:17:40,2071.50,3,M
09:17:40,2071.50,18,M
09:17:40,2071.50,3,M
09:17:40,2071.50,1,M
09:17:40,2071.50,1,M
09:17:40,2071.50,10,M
09:17:40,2071.50,1,M
09:17:40,2071.50,2,M
09:17:40,2071.40,1,M
09:17:40,2071.40,9,M
09:17:40,2071.40,10,M
09:17:40,2071.40,1,M
09:17:40,2071.30,6,M
09:17:40,2071.30,2,M
09:17:39,2071.20,1,M
09:17:39,2071.20,1,M
09:17:38,2071.10,1,B
09:17:37,2071.20,1,M
09:17:36,2071.10,1,M
09:17:36,2071.10,11,M
09:17:34,2070.80,3,B
09:17:34,2071.00,30,B
09:17:33,2071.10,1,M
09:17:32,2071.10,1,M
09:17:32,2071.00,1,M
09:17:32,2071.00,2,M
09:17:32,2071.00,1,M
09:17:32,2071.00,1,M
09:17:31,2071.00,1,M
09:17:31,2070.90,1,M
09:17:30,2071.00,6,M
09:17:30,2071.00,1,M
09:17:30,2071.00,1,M
09:17:30,2071.00,1,M
09:17:30,2071.00,1,M
09:17:30,2070.80,1,B
09:17:28,2070.90,1,M
09:17:28,2070.90,1,M
09:17:27,2070.80,1,M
09:17:27,2070.60,1,B
09:17:27,2070.60,1,B
09:17:27,2070.80,2,B
09:17:26,2070.80,2,B
09:17:25,2070.80,10,B
09:17:25,2070.90,1,M
09:17:21,2070.90,13,M
09:17:21,2070.80,26,B
09:17:20,2070.80,10,B
09:17:20,2070.90,2,M
09:17:20,2070.90,4,M
09:17:20,2070.90,4,M
09:17:20,2070.80,16,B
09:17:19,2070.80,1,M
09:17:19,2070.80,2,M
09:17:19,2070.80,16,M
09:17:19,2070.80,1,M
09:17:19,2070.80,12,M
09:17:19,2070.70,2,M
09:17:18,2070.50,1,B
09:17:18,2070.50,1,B
09:17:18,2070.50,3,B
09:17:18,2070.50,4,B
09:17:18,2070.60,1,B
09:17:17,2070.70,7,B
09:17:17,2070.80,2,M
09:17:16,2070.70,2,M
09:17:16,2070.70,1,B
09:17:16,2070.70,10,B
09:17:15,2070.80,1,M
09:17:13,2070.70,1,B
09:17:13,2070.80,1,M
09:17:13,2070.80,1,M
09:17:13,2070.80,1,M
09:17:11,2070.70,1,B
09:17:11,2070.80,3,M
09:17:11,2070.80,1,M
09:17:11,2070.80,4,M
09:17:11,2070.60,1,M
09:17:11,2070.80,4,M
09:17:11,2070.80,1,M
09:17:11,2070.70,12,M
09:17:10,2070.50,4,B
09:17:10,2070.50,1,B
09:17:10,2070.50,3,B
09:17:10,2070.70,1,M
09:17:10,2070.50,30,B
09:17:10,2070.70,5,M
09:17:10,2070.50,20,B
09:17:10,2070.50,10,B
09:17:09,2070.70,10,M
09:17:09,2070.50,7,B
09:17:09,2070.60,13,B
09:17:09,2070.60,1,B
09:17:09,2070.60,9,B
09:17:09,2070.70,1,M
09:17:09,2070.70,2,M
09:17:08,2070.60,1,B
09:17:07,2070.70,1,M
09:17:07,2070.70,1,B
09:17:07,2070.70,3,B
09:17:06,2070.70,1,B
09:17:06,2070.80,1,B
09:17:06,2070.80,1,B
09:17:06,2070.80,1,B
09:17:05,2071.20,1,M
09:17:05,2071.20,1,M
09:17:05,2071.20,1,M
09:17:05,2071.10,3,M
09:17:05,2071.00,35,M
09:17:05,2070.90,1,M
09:17:05,2070.90,1,M
09:17:05,2070.70,1,B
09:17:04,2070.70,13,B
09:17:04,2070.80,1,B
09:17:04,2070.80,1,B
09:17:04,2070.70,5,B
09:17:04,2070.70,6,B
09:17:04,2070.70,4,B
09:17:04,2070.70,8,B
09:17:04,2070.80,1,B
09:17:04,2070.80,1,B
09:17:04,2070.80,5,B
09:17:04,2070.90,1,M
09:17:03,2070.80,1,B
09:17:01,2070.80,1,B
09:17:00,2070.90,8,M
09:16:59,2070.90,2,B
09:16:59,2071.00,10,M
09:16:58,2071.00,1,M
09:16:57,2071.00,1,B
09:16:57,2071.00,1,B
09:16:57,2071.00,1,B
09:16:57,2071.00,1,B
09:16:57,2071.00,14,B
09:16:57,2071.00,2,B
09:16:57,2071.00,2,B
09:16:57,2071.00,2,B
09:16:57,2071.10,1,M
09:16:56,2071.00,1,B
09:16:56,2071.00,14,B
09:16:56,2071.10,2,M
09:16:56,2071.00,2,B
09:16:56,2071.00,27,B
09:16:56,2071.10,1,B
09:16:55,2071.00,13,B
09:16:55,2071.00,5,B
09:16:55,2071.10,1,B
09:16:55,2071.10,1,B
09:16:55,2071.20,1,M
09:16:55,2071.10,1,B
09:16:55,2071.10,10,B
09:16:55,2071.10,9,B
09:16:54,2071.20,1,M
09:16:54,2071.20,4,M
09:16:54,2071.20,5,M
09:16:54,2071.20,2,M
09:16:53,2071.20,5,M
09:16:52,2071.20,1,M
09:16:52,2071.10,1,B
09:16:52,2071.20,1,M
09:16:52,2071.20,1,M
09:16:52,2071.20,2,B
09:16:52,2071.20,1,B
09:16:52,2071.20,8,B
09:16:50,2071.50,1,M
09:16:50,2071.50,2,M
09:16:50,2071.50,1,M
09:16:50,2071.50,2,M
09:16:50,2071.50,1,M
09:16:49,2071.50,1,M
09:16:49,2071.50,1,M
09:16:49,2071.50,1,M
09:16:48,2071.40,1,M
09:16:48,2071.40,1,M
09:16:48,2071.40,3,M
09:16:48,2071.40,1,M
09:16:48,2071.40,1,M
09:16:48,2071.30,1,M
09:16:48,2071.30,1,M
09:16:48,2071.30,2,M
09:16:48,2071.30,1,M
09:16:48,2071.20,1,M
09:16:48,2071.20,1,M
09:16:48,2071.20,1,M
09:16:48,2071.20,1,M
09:16:48,2071.20,2,M
09:16:48,2071.20,1,M
09:16:46,2071.20,2,M
09:16:46,2071.20,2,M
09:16:46,2071.10,1,B
09:16:46,2071.10,1,B
09:16:46,2071.10,1,M
09:16:46,2071.10,1,M
09:16:45,2071.10,1,M
09:16:45,2071.00,1,B
09:16:45,2071.00,3,M
09:16:45,2071.00,1,M
09:16:45,2071.00,1,M
09:16:44,2071.00,1,M
09:16:44,2071.00,1,M
09:16:44,2071.00,5,M
09:16:44,2071.00,2,M
09:16:44,2071.00,1,M
09:16:44,2071.00,1,M
09:16:44,2071.00,1,M
09:16:44,2071.00,1,M
09:16:44,2071.00,1,M
09:16:44,2071.00,2,M
09:16:44,2071.00,2,M
09:16:44,2071.00,1,M
09:16:44,2071.00,2,M
09:16:44,2071.00,1,M
09:16:44,2071.00,5,M
09:16:44,2071.00,14,M
09:16:44,2071.00,18,M
09:16:44,2070.80,12,M
09:16:44,2070.80,1,B
09:16:44,2070.80,1,B
09:16:44,2070.80,5,B
09:16:44,2070.80,1,B
09:16:44,2071.00,30,M
09:16:44,2071.00,1,M
09:16:43,2071.00,20,M
09:16:43,2071.00,20,M
09:16:43,2071.00,8,M
09:16:43,2071.00,11,M
09:16:43,2070.90,9,M
09:16:43,2070.90,1,M
09:16:42,2071.00,8,M
09:16:42,2071.00,1,M
09:16:42,2070.80,1,B
09:16:42,2071.00,1,M
09:16:42,2071.00,5,M
09:16:41,2071.00,7,M
09:16:41,2071.00,5,M
09:16:40,2071.00,1,M
09:16:39,2071.00,16,M
09:16:39,2070.90,2,M
09:16:39,2070.90,2,M
09:16:39,2070.90,1,M
09:16:39,2070.90,3,M
09:16:39,2070.90,1,M
09:16:39,2070.90,25,M
09:16:38,2070.90,2,M
09:16:38,2070.90,3,M
09:16:38,2070.90,1,M
09:16:38,2070.80,1,M
09:16:38,2070.80,5,M
09:16:38,2070.80,5,M
09:16:36,2070.80,2,M
09:16:36,2070.50,1,B
09:16:35,2070.80,2,M
09:16:34,2070.80,2,M
09:16:34,2070.70,1,M
09:16:33,2070.80,2,M
09:16:33,2070.80,2,M
09:16:32,2070.90,1,M
09:16:32,2070.90,2,M
09:16:32,2070.90,2,M
09:16:31,2070.50,2,B
09:16:31,2070.90,2,M
09:16:31,2070.50,3,B
09:16:31,2070.60,1,B
09:16:31,2070.90,2,M
09:16:31,2070.90,1,M
09:16:31,2070.90,1,M
09:16:31,2070.50,7,B
09:16:31,2070.50,3,B
09:16:30,2070.80,1,M
09:16:30,2070.70,1,M
09:16:30,2070.90,2,M
09:16:29,2070.90,2,M
09:16:29,2070.90,2,M
09:16:29,2070.90,1,M
09:16:29,2070.80,1,M
09:16:29,2070.70,1,M
09:16:28,2070.70,1,M
09:16:28,2070.90,10,M
09:16:27,2070.60,1,B
09:16:27,2070.60,1,B
09:16:27,2070.70,1,B
09:16:27,2070.90,2,M
09:16:27,2070.80,1,M
09:16:26,2070.90,2,M
09:16:26,2070.70,1,B
09:16:26,2070.90,2,M
09:16:25,2070.90,1,M
09:16:25,2070.90,2,M
09:16:24,2070.90,1,M
09:16:24,2070.90,2,M
09:16:23,2070.90,1,M
09:16:23,2070.90,3,M
09:16:23,2070.90,2,M
09:16:22,2070.70,1,B
09:16:22,2070.80,1,B
09:16:22,2070.90,3,B
09:16:22,2070.90,1,B
09:16:22,2071.00,2,M
09:16:21,2071.00,6,M
09:16:21,2070.90,1,B
09:16:20,2070.90,1,B
09:16:20,2071.00,3,M
09:16:20,2070.90,2,B
09:16:20,2070.90,1,B
09:16:19,2071.00,1,M
09:16:19,2070.90,1,B
09:16:19,2071.00,1,M
09:16:19,2071.00,5,M
09:16:18,2070.90,7,B
09:16:17,2071.00,10,M
09:16:16,2070.90,2,B
09:16:16,2070.90,1,B
09:16:16,2071.00,3,M
09:16:16,2070.90,1,B
09:16:16,2071.00,1,M
09:16:15,2070.90,1,B
09:16:15,2070.90,3,B
09:16:15,2070.80,2,M
09:16:14,2070.60,7,B
09:16:14,2070.70,1,B
09:16:14,2070.80,1,B
09:16:14,2070.80,1,B
09:16:14,2071.00,26,M
09:16:14,2070.90,5,M
09:16:14,2070.90,1,M
09:16:14,2070.90,1,M
09:16:12,2070.80,1,B
09:16:12,2070.90,14,M
09:16:12,2070.80,1,M
09:16:12,2070.80,1,M
09:16:12,2070.80,1,M
09:16:11,2070.80,1,M
09:16:11,2070.60,1,B
09:16:11,2070.80,1,M
09:16:09,2070.60,20,M
09:16:09,2070.60,20,M
09:16:08,2070.50,2,B
09:16:08,2070.50,3,B
09:16:08,2070.50,2,B
09:16:08,2070.60,1,M
09:16:08,2070.60,6,M
09:16:08,2070.50,2,M
09:16:08,2070.40,2,B
09:16:07,2070.60,10,M
09:16:07,2070.60,22,M
09:16:07,2070.50,3,M
09:16:07,2070.50,12,B
09:16:06,2070.50,3,B
09:16:06,2070.50,15,B
09:16:06,2070.50,1,B
09:16:06,2070.50,1,B
09:16:06,2070.50,1,B
09:16:05,2070.60,1,M
09:16:05,2070.60,1,M
09:16:05,2070.50,1,B
09:16:05,2070.50,1,B
09:16:05,2070.50,1,B
09:16:05,2070.50,1,B
09:16:04,2070.60,1,M
09:16:04,2070.60,1,M
09:16:04,2070.60,1,M
09:16:03,2070.60,1,B
09:16:03,2070.60,1,B
09:16:03,2070.60,1,B
09:16:03,2070.60,1,B
09:16:03,2070.60,14,B
09:16:03,2070.60,1,B
09:16:02,2070.60,1,B
09:16:02,2070.80,25,M
09:16:02,2070.80,2,M
09:16:02,2070.80,1,M
09:16:02,2070.80,1,M
09:16:02,2070.80,1,M
09:16:02,2070.80,4,M
09:16:02,2070.80,4,M
09:16:02,2070.80,1,M
09:16:02,2070.80,2,M
09:16:02,2070.80,2,M
09:16:02,2070.80,1,M
09:16:02,2070.80,1,M
09:16:02,2070.80,2,M
09:16:02,2070.80,1,M
09:16:02,2070.80,1,M
09:16:02,2070.80,1,M
09:16:01,2070.80,2,M
09:16:01,2070.80,1,M
09:16:01,2070.80,1,M
09:16:01,2070.60,2,B
09:16:00,2070.60,2,B
09:16:00,2070.70,1,B
09:16:00,2070.80,1,B
09:16:00,2070.80,1,B
09:16:00,2070.90,1,B
09:15:59,2071.00,1,M
09:15:59,2070.90,2,B
09:15:59,2070.90,3,B
09:15:59,2070.90,3,B
09:15:59,2070.90,20,B
09:15:58,2071.00,1,M
09:15:57,2071.00,5,M
09:15:56,2071.00,10,M
09:15:56,2071.00,2,M
09:15:56,2070.90,1,M
09:15:56,2070.90,20,M
09:15:56,2070.80,6,M
09:15:56,2070.80,1,M
09:15:55,2070.80,2,M
09:15:55,2070.80,1,M
09:15:55,2070.80,1,M
09:15:55,2070.80,1,M
09:15:54,2070.80,5,M
09:15:54,2070.80,1,B
09:15:54,2070.80,3,B
09:15:53,2071.00,12,M
09:15:53,2070.90,1,B
09:15:52,2071.00,1,M
09:15:51,2070.60,6,B
09:15:51,2070.70,3,B
09:15:51,2070.70,1,B
09:15:51,2071.00,1,M
09:15:51,2071.00,2,M
09:15:51,2071.00,2,M
09:15:51,2071.00,1,M
09:15:51,2070.70,1,M
09:15:50,2070.70,2,B
09:15:50,2070.70,1,B
09:15:50,2070.70,1,B
09:15:50,2070.70,1,B
09:15:50,2071.00,2,M
09:15:50,2071.00,15,M
09:15:50,2070.90,1,M
09:15:50,2070.90,3,M
09:15:50,2070.90,11,M
09:15:50,2070.90,10,M
09:15:50,2070.80,10,M
09:15:50,2070.80,1,M
09:15:50,2070.80,1,M
09:15:50,2070.80,1,M
09:15:50,2070.80,2,M
09:15:50,2070.80,2,M
09:15:50,2070.80,1,M
09:15:49,2070.80,3,M
09:15:49,2070.80,10,M
09:15:49,2070.80,1,M
09:15:49,2070.80,1,B
09:15:49,2070.80,3,B
09:15:49,2070.90,2,M
09:15:49,2070.90,1,M
09:15:49,2070.90,1,M
09:15:48,2071.00,4,M
09:15:48,2071.00,16,M
09:15:48,2070.90,4,M
09:15:47,2070.90,3,M
09:15:46,2070.90,1,M
09:15:46,2070.90,1,B
09:15:46,2070.90,1,B
09:15:46,2071.00,1,B
09:15:45,2071.20,2,M
09:15:45,2071.20,1,M
09:15:45,2071.00,1,M
09:15:45,2071.00,1,M
09:15:45,2071.00,1,M
09:15:44,2071.00,1,M
09:15:44,2070.60,3,B
09:15:44,2070.60,1,B
09:15:44,2070.60,2,B
09:15:44,2070.60,2,B
09:15:44,2070.60,1,B
09:15:44,2070.60,2,B
09:15:44,2070.60,1,B
09:15:44,2070.60,3,B
09:15:44,2070.60,1,B
09:15:44,2070.70,1,B
09:15:44,2070.70,1,B
09:15:44,2070.70,1,B
09:15:44,2070.70,11,B
09:15:44,2070.70,1,B
09:15:44,2070.90,1,B
09:15:44,2070.90,1,B
09:15:44,2071.10,1,M
09:15:44,2071.10,1,M
09:15:44,2071.10,1,M
09:15:44,2071.00,1,M
09:15:43,2070.70,1,B
09:15:43,2070.90,1,B
09:15:43,2071.00,1,M
09:15:42,2071.00,10,M
09:15:42,2071.00,1,B
09:15:42,2071.00,1,B
09:15:42,2071.00,1,M
09:15:42,2071.00,2,M
09:15:42,2071.00,5,M
09:15:42,2071.00,1,M
09:15:42,2071.00,1,M
09:15:41,2070.80,2,M
09:15:41,2071.00,1,M
09:15:41,2071.00,2,M
09:15:41,2071.00,4,M
09:15:41,2071.00,5,M
09:15:41,2071.00,1,M
09:15:41,2071.00,1,M
09:15:41,2071.00,1,M
09:15:41,2071.00,2,M
09:15:41,2071.00,5,M
09:15:41,2071.00,1,M
09:15:41,2071.00,2,M
09:15:41,2071.00,1,M
09:15:41,2071.00,1,M
09:15:41,2071.00,1,M
09:15:41,2071.00,1,M
09:15:41,2071.00,1,M
09:15:41,2071.00,1,M
09:15:41,2071.00,1,M
09:15:41,2071.00,1,M
09:15:41,2071.00,1,M
09:15:41,2071.00,2,M
09:15:41,2070.90,1,M
09:15:41,2070.90,10,M
09:15:41,2070.90,1,M
09:15:41,2070.90,1,M
09:15:41,2070.90,1,M
09:15:41,2070.90,2,M
09:15:41,2070.90,2,M
09:15:41,2070.90,1,M
09:15:41,2070.80,6,M
09:15:41,2070.70,19,M
09:15:41,2070.70,1,M
09:15:40,2070.70,1,M
09:15:40,2070.70,2,M
09:15:39,2070.70,1,M
09:15:39,2070.70,1,M
09:15:39,2070.70,5,M
09:15:39,2070.70,15,M
09:15:39,2070.70,1,M
09:15:39,2070.70,1,M
09:15:39,2070.70,1,M
09:15:39,2070.70,1,M
09:15:38,2070.70,1,B
09:15:38,2070.80,2,M
09:15:38,2070.80,1,M
09:15:38,2070.80,1,M
09:15:38,2070.80,1,M
09:15:37,2070.80,2,M
09:15:36,2070.90,20,M
09:15:36,2070.70,1,B
09:15:36,2070.80,1,M
09:15:36,2070.80,1,M
09:15:36,2070.80,1,M
09:15:35,2070.70,1,B
09:15:35,2070.60,2,M
09:15:35,2070.60,1,M
09:15:34,2070.60,1,M
09:15:34,2070.60,4,M
09:15:34,2070.60,2,M
09:15:33,2070.60,4,B
09:15:33,2070.60,1,B
09:15:33,2070.60,3,B
09:15:33,2070.60,12,B
09:15:33,2070.80,1,M
09:15:33,2070.70,1,M
09:15:33,2070.70,1,M
09:15:33,2070.60,1,B
09:15:33,2070.70,1,B
09:15:33,2070.80,1,M
09:15:33,2070.80,1,M
09:15:32,2070.80,1,M
09:15:31,2070.80,2,M
09:15:31,2070.80,1,M
09:15:31,2070.80,2,M
09:15:31,2070.70,5,M
09:15:31,2070.70,1,M
09:15:31,2070.70,3,B
09:15:30,2070.70,3,B
09:15:30,2070.80,1,M
09:15:30,2070.70,1,M
09:15:30,2070.70,5,M
09:15:30,2070.70,3,M
09:15:30,2070.70,1,M
09:15:29,2070.70,1,M
09:15:29,2070.70,1,M
09:15:29,2070.70,1,M
09:15:29,2070.70,2,M
09:15:29,2070.70,1,M
09:15:29,2070.70,1,M
09:15:29,2070.50,1,B
09:15:29,2070.60,1,B
09:15:29,2070.70,1,M
09:15:29,2070.70,1,M
09:15:28,2070.50,1,B
09:15:27,2070.60,1,M
09:15:27,2070.60,1,M
09:15:27,2070.60,4,M
09:15:27,2070.60,1,M
09:15:27,2070.60,1,M
09:15:27,2070.60,1,M
09:15:27,2070.60,7,M
09:15:26,2070.60,5,M
09:15:26,2070.60,2,M
09:15:26,2070.60,2,M
09:15:26,2070.60,1,M
09:15:26,2070.60,3,M
09:15:26,2070.50,1,M
09:15:26,2070.50,2,M
09:15:26,2070.50,1,M
09:15:26,2070.50,1,M
09:15:26,2070.50,1,M
09:15:26,2070.50,1,M
09:15:25,2070.50,1,M
09:15:25,2070.50,4,M
09:15:25,2070.50,1,M
09:15:25,2070.50,1,M
09:15:25,2070.50,1,M
09:15:25,2070.50,1,M
09:15:24,2070.50,1,M
09:15:24,2070.50,1,M
09:15:24,2070.50,4,M
09:15:24,2070.50,1,M
09:15:24,2070.50,1,M
09:15:24,2070.50,1,M
09:15:24,2070.50,1,M
09:15:24,2070.50,2,M
09:15:24,2070.50,2,M
09:15:24,2070.50,5,M
09:15:24,2070.50,2,M
09:15:24,2070.50,1,M
09:15:24,2070.50,1,M
09:15:23,2070.40,2,B
09:15:22,2070.50,1,M
09:15:21,2070.50,1,M
09:15:21,2070.50,2,M
09:15:20,2070.40,1,B
09:15:20,2070.40,2,M
09:15:20,2070.40,1,M
09:15:20,2070.20,1,B
09:15:20,2070.40,1,M
09:15:20,2070.40,9,M
09:15:19,2070.40,1,M
09:15:19,2070.40,1,M
09:15:19,2070.30,1,M
09:15:19,2070.30,1,M
09:15:19,2070.30,1,M
09:15:19,2070.20,1,M
09:15:19,2070.20,6,M
09:15:19,2070.20,2,M
09:15:19,2070.20,1,M
09:15:19,2070.20,1,M
09:15:19,2070.20,14,M
09:15:19,2070.20,11,M
09:15:19,2070.10,1,M
09:15:18,2070.10,1,M
09:15:18,2070.10,1,M
09:15:18,2070.00,1,B
09:15:18,2070.00,1,B
09:15:18,2070.00,2,B
09:15:18,2070.10,1,M
09:15:18,2070.10,1,M
09:15:18,2070.10,1,M
09:15:16,2070.10,1,M
09:15:16,2070.10,1,M
09:15:16,2070.00,1,B
09:15:16,2070.00,1,B
09:15:16,2070.00,1,B
09:15:15,2070.00,1,B
09:15:15,2070.00,1,M
09:15:14,2070.10,1,M
09:15:14,2070.10,1,M
09:15:14,2070.10,1,M
09:15:14,2070.10,1,M
09:15:14,2070.10,1,M
09:15:14,2070.10,1,M
09:15:14,2070.10,1,M
09:15:14,2070.00,8,M
09:15:14,2070.00,1,M
09:15:14,2070.00,1,M
09:15:14,2070.00,2,M
09:15:14,2070.00,1,M
09:15:14,2070.00,5,M
09:15:14,2070.00,3,M
09:15:14,2070.00,1,M
09:15:14,2070.00,1,M
09:15:14,2070.00,1,M
09:15:14,2070.00,5,M
09:15:14,2070.00,1,M
09:15:14,2070.00,4,M
09:15:14,2070.00,2,M
09:15:14,2070.00,3,M
09:15:14,2070.00,1,M
09:15:14,2070.00,4,M
09:15:14,2070.00,15,M
09:15:14,2069.90,1,M
09:15:14,2069.90,4,M
09:15:14,2069.90,16,M
09:15:14,2069.90,4,M
09:15:13,2069.90,5,M
09:15:13,2069.90,2,M
09:15:13,2069.80,1,M
09:15:13,2069.80,1,B
09:15:12,2069.80,8,B
09:15:12,2069.80,1,B
09:15:12,2069.80,2,B
09:15:12,2069.80,2,B
09:15:11,2069.80,2,B
09:15:11,2069.80,4,B
09:15:11,2069.80,2,B
09:15:11,2069.80,5,B
09:15:10,2069.80,2,M
09:15:10,2069.80,1,M
09:15:10,2069.80,2,M
09:15:10,2069.80,3,M
09:15:09,2069.60,1,M
09:15:09,2069.60,1,B
09:15:09,2069.60,8,B
09:15:09,2069.60,4,B
09:15:08,2069.80,1,M
09:15:08,2069.80,1,M
09:15:08,2069.80,1,M
09:15:08,2069.80,1,M
09:15:08,2069.80,1,M
09:15:06,2069.80,1,M
09:15:05,2069.80,1,M
09:15:04,2069.80,2,M
09:15:04,2069.80,3,M
09:15:04,2069.80,2,M
09:15:04,2069.80,1,M
09:15:03,2069.80,2,M
09:15:03,2069.60,1,B
09:15:03,2069.60,1,B
09:15:01,2069.60,1,B
09:15:01,2069.60,8,B
09:15:01,2069.60,2,B
09:15:01,2069.80,1,M
09:15:01,2069.80,1,M
09:15:00,2069.80,1,M
09:15:00,2069.80,1,M
09:14:59,2069.60,2,B
09:14:58,2069.70,12,M
09:14:58,2069.70,1,M
09:14:58,2069.70,1,M
09:14:58,2069.70,1,M
09:14:54,2069.50,2,B
09:14:53,2069.50,1,B
09:14:52,2069.60,1,M
09:14:52,2069.60,3,M
09:14:52,2069.60,1,M
09:14:52,2069.60,3,M
09:14:52,2069.50,1,B
09:14:50,2069.50,1,B
09:14:49,2069.50,1,M
09:14:49,2069.50,1,M
09:14:49,2069.50,1,M
09:14:49,2069.50,1,M
09:14:48,2069.50,2,M
09:14:48,2069.30,1,B
09:14:47,2069.30,1,B
09:14:43,2069.50,2,M
09:14:42,2069.30,1,B
09:14:41,2069.50,1,M
09:14:41,2069.30,1,B
09:14:41,2069.30,5,B
09:14:38,2069.30,1,B
09:14:36,2069.50,1,M
09:14:36,2069.50,1,M
09:14:35,2069.30,1,B
09:14:34,2069.30,2,B
09:14:34,2069.40,1,M
09:14:34,2069.40,8,M
09:14:34,2069.40,2,M
09:14:34,2069.40,1,M
09:14:34,2069.40,6,M
09:14:33,2069.30,1,B
09:14:33,2069.30,1,M
09:14:33,2069.30,1,M
09:14:33,2069.30,1,M
09:14:33,2069.30,1,M
09:14:33,2069.30,1,M
09:14:33,2069.30,1,M
09:14:33,2069.30,1,M
09:14:33,2069.30,1,M
09:14:33,2069.30,2,M
09:14:33,2069.30,1,M
09:14:33,2069.30,1,M
09:14:33,2069.30,1,M
09:14:33,2069.30,5,M
09:14:33,2069.30,2,M
09:14:29,2069.10,1,B
09:14:27,2069.10,1,B
09:14:26,2069.10,2,B
09:14:22,2069.10,1,B
09:14:21,2069.10,2,B
09:14:21,2069.20,1,B
09:14:19,2069.10,1,B
09:14:18,2069.20,2,M
09:14:18,2069.20,2,M
09:14:18,2069.20,15,M
09:14:18,2069.10,1,B
09:14:16,2069.10,1,B
09:14:15,2069.10,4,B
09:14:15,2069.10,1,B
09:14:13,2069.20,1,M
09:14:11,2069.10,2,B
09:14:11,2069.20,1,B
09:14:09,2069.10,1,M
09:14:08,2069.00,1,B
09:14:07,2069.00,9,B
09:14:07,2069.10,1,B
09:14:06,2069.10,1,M
09:14:06,2069.10,1,M
09:14:06,2069.00,5,M
09:14:06,2069.00,1,M
09:14:06,2069.00,2,M
09:14:06,2069.00,1,M
09:14:06,2069.00,4,M
09:14:06,2069.00,1,M
09:14:06,2069.00,1,M
09:14:06,2069.00,1,M
09:14:06,2069.00,12,M
09:14:06,2069.00,50,M
09:14:05,2068.80,2,B
09:14:05,2068.70,1,B
09:14:05,2068.80,1,B
09:14:05,2068.80,1,B
09:14:05,2068.80,1,B
09:14:04,2068.90,1,B
09:14:00,2069.00,1,M
09:14:00,2069.00,1,M
09:13:56,2068.90,4,M
09:13:56,2068.90,1,M
09:13:56,2068.70,1,B
09:13:56,2068.70,1,B
09:13:56,2068.90,2,M
09:13:54,2068.90,3,M
09:13:54,2068.90,1,M
09:13:54,2068.90,1,M
09:13:54,2068.90,5,M
09:13:54,2068.80,1,M
09:13:53,2068.70,1,B
09:13:53,2068.70,4,B
09:13:53,2068.90,1,M
09:13:53,2068.70,14,B
09:13:53,2068.80,1,B
09:13:52,2068.70,1,B
09:13:51,2068.70,1,B
09:13:51,2068.70,2,B
09:13:51,2068.80,8,B
09:13:51,2068.80,12,B
09:13:51,2068.80,1,B
09:13:51,2068.80,1,B
09:13:51,2068.80,4,B
09:13:50,2068.90,1,B
09:13:50,2068.90,1,B
09:13:49,2068.90,2,M
09:13:49,2068.90,2,M
09:13:49,2068.90,1,M
09:13:49,2068.80,1,B
09:13:49,2068.90,1,M
09:13:49,2068.80,5,B
09:13:49,2068.80,4,B
09:13:48,2068.80,1,B
09:13:46,2068.90,6,M
09:13:46,2068.90,1,M
09:13:46,2068.80,2,B
09:13:46,2068.80,3,B
09:13:45,2068.80,2,B
09:13:45,2068.80,1,B
09:13:45,2068.90,1,M
09:13:44,2068.80,2,B
09:13:44,2068.70,1,B
09:13:44,2068.80,1,B
09:13:44,2068.80,2,B
09:13:43,2069.00,1,M
09:13:43,2068.80,17,B
09:13:43,2068.80,1,B
09:13:43,2068.90,1,B
09:13:43,2068.90,1,B
09:13:42,2069.00,1,M
09:13:41,2068.90,17,B
09:13:41,2069.00,1,M
09:13:41,2068.90,1,B
09:13:39,2068.90,1,B
09:13:39,2068.90,2,B
09:13:36,2068.90,3,B
09:13:35,2068.90,2,B
09:13:34,2068.90,1,B
09:13:33,2068.90,2,B
09:13:33,2068.90,20,B
09:13:32,2068.80,5,B
09:13:32,2068.80,2,B
09:13:32,2068.80,2,B
09:13:32,2068.80,1,B
09:13:32,2068.80,2,B
09:13:32,2068.80,1,B
09:13:32,2068.80,1,B
09:13:32,2068.80,14,B
09:13:32,2068.90,8,B
09:13:31,2068.90,4,M
09:13:29,2068.80,1,B
09:13:29,2068.80,1,B
09:13:29,2068.80,1,B
09:13:29,2068.80,1,B
09:13:29,2068.80,1,B
09:13:29,2068.80,1,B
09:13:29,2068.80,2,B
09:13:29,2068.80,2,B
09:13:29,2068.90,1,B
09:13:29,2068.90,1,B
09:13:29,2068.90,1,B
09:13:29,2069.00,1,B
09:13:29,2069.00,1,B
09:13:29,2069.00,1,B
09:13:29,2069.00,1,B
09:13:29,2069.00,1,B
09:13:29,2069.00,5,B
09:13:29,2069.00,1,B
09:13:29,2069.00,5,B
09:13:29,2069.00,1,B
09:13:29,2069.00,1,B
09:13:29,2069.00,1,B
09:13:29,2069.00,1,B
09:13:29,2069.00,3,B
09:13:29,2069.00,3,B
09:13:29,2069.00,10,B
09:13:29,2069.00,1,B
09:13:29,2069.00,3,B
09:13:29,2069.00,1,B
09:13:29,2069.00,17,B
09:13:29,2069.00,1,B
09:13:29,2069.00,2,B
09:13:29,2069.00,1,B
09:13:29,2069.10,10,B
09:13:29,2069.10,1,B
09:13:29,2069.10,1,B
09:13:29,2069.10,1,B
09:13:29,2069.10,1,B
09:13:29,2069.10,1,B
09:13:29,2069.10,4,B
09:13:29,2069.10,2,B
09:13:29,2069.10,1,B
09:13:29,2069.10,30,B
09:13:29,2069.10,1,B
09:13:29,2069.20,1,B
09:13:29,2069.20,1,B
09:13:29,2069.20,2,B
09:13:29,2069.20,1,B
09:13:29,2069.20,7,B
09:13:29,2069.20,1,B
09:13:29,2069.20,6,B
09:13:29,2069.20,1,B
09:13:29,2069.20,3,B
09:13:29,2069.30,1,B
09:13:29,2069.30,1,B
09:13:29,2069.30,1,B
09:13:29,2069.30,1,B
09:13:29,2069.30,10,B
09:13:29,2069.30,1,B
09:13:29,2069.30,1,B
09:13:29,2069.30,1,B
09:13:28,2069.30,1,B
09:13:28,2069.40,2,M
09:13:27,2069.30,1,B
09:13:27,2069.30,1,B
09:13:26,2069.40,1,B
09:13:26,2069.40,1,B
09:13:25,2069.40,1,B
09:13:24,2069.40,1,B
09:13:24,2069.40,1,B
09:13:23,2069.50,1,B
09:13:23,2069.50,6,B
09:13:23,2069.50,14,B
09:13:23,2069.50,1,B
09:13:23,2069.50,1,B
09:13:23,2069.50,1,B
09:13:23,2069.50,1,B
09:13:23,2069.50,1,B
09:13:23,2069.50,1,B
09:13:23,2069.50,5,B
09:13:23,2069.50,15,B
09:13:22,2069.60,1,B
09:13:22,2069.60,1,B
09:13:20,2069.60,1,B
09:13:20,2069.60,3,B
09:13:20,2069.60,1,B
09:13:20,2069.60,1,B
09:13:20,2069.60,1,B
09:13:20,2069.60,1,B
09:13:20,2069.60,1,B
09:13:20,2069.60,1,B
09:13:20,2069.60,1,B
09:13:20,2069.60,9,B
09:13:18,2069.60,1,B
09:13:18,2069.70,1,B
09:13:17,2069.70,1,M
09:13:17,2069.70,1,M
09:13:17,2069.70,1,M
09:13:17,2069.70,1,M
09:13:15,2069.70,1,M
09:13:14,2069.70,1,M
09:13:10,2069.70,2,M
09:13:09,2069.70,1,B
09:13:07,2069.70,1,B
09:13:06,2069.60,1,B
09:13:04,2069.60,1,B
09:13:04,2069.70,1,B
09:13:04,2069.70,1,B
09:13:04,2069.70,1,B
09:13:03,2069.70,5,B
09:13:02,2069.70,2,B
09:13:02,2069.70,1,B
09:12:56,2069.60,1,B
09:12:55,2069.80,1,M
09:12:55,2069.80,1,M
09:12:50,2069.60,1,B
09:12:49,2069.70,1,B
09:12:47,2069.60,1,B
09:12:47,2069.70,1,B
09:12:47,2069.80,1,M
09:12:47,2069.70,1,B
09:12:45,2069.70,1,B
09:12:44,2070.00,1,M
09:12:44,2069.90,2,M
09:12:44,2069.90,1,M
09:12:44,2069.90,4,M
09:12:41,2069.70,1,M
09:12:41,2069.70,1,M
09:12:38,2069.70,1,M
09:12:36,2069.70,1,M
09:12:35,2069.70,1,M
09:12:33,2069.60,1,B
09:12:33,2069.90,1,M
09:12:32,2069.60,1,B
09:12:32,2069.70,6,M
09:12:29,2069.70,15,M
09:12:28,2069.70,1,B
09:12:28,2069.70,1,B
09:12:28,2069.70,2,B
09:12:28,2069.70,8,B
09:12:26,2069.70,1,B
09:12:26,2069.90,13,M
09:12:26,2069.90,1,M
09:12:26,2069.80,2,M
09:12:24,2069.70,1,B
09:12:24,2069.70,1,B
09:12:24,2069.70,3,B
09:12:24,2069.80,15,M
09:12:20,2069.70,1,B
09:12:17,2069.80,5,M
09:12:17,2069.80,8,B
09:12:16,2069.80,1,B
09:12:12,2069.80,10,B
09:12:11,2069.80,1,B
09:12:08,2069.70,6,B
09:12:08,2069.70,1,B
09:12:08,2069.70,1,B
09:12:08,2069.70,2,B
09:12:08,2069.70,1,B
09:12:07,2069.90,1,M
09:12:07,2069.90,5,M
09:12:06,2069.80,1,M
09:12:05,2069.80,1,B
09:12:03,2069.90,1,M
09:12:02,2069.90,1,B
09:12:02,2069.90,1,B
09:12:02,2069.90,10,B
09:12:02,2069.90,1,B
09:12:02,2069.90,1,B
09:12:01,2070.00,5,M
09:12:01,2070.00,3,M
09:12:01,2070.00,1,M
09:12:00,2070.00,1,M
09:12:00,2070.00,2,M
09:12:00,2070.00,1,B
09:12:00,2070.00,2,B
09:12:00,2070.00,4,B
09:11:59,2070.20,1,M
09:11:59,2070.20,2,M
09:11:58,2070.20,4,M
09:11:57,2070.20,1,M
09:11:55,2070.20,4,M
09:11:54,2070.20,3,M
09:11:54,2070.20,10,M
09:11:54,2070.20,1,M
09:11:54,2070.20,1,M
09:11:54,2070.20,1,M
09:11:54,2070.10,2,M
09:11:54,2070.10,2,M
09:11:53,2070.00,1,B
09:11:52,2070.10,25,M
09:11:51,2070.10,20,M
09:11:51,2070.10,3,M
09:11:51,2070.10,28,M
09:11:51,2070.10,20,M
09:11:50,2070.10,2,M
09:11:50,2070.00,1,M
09:11:50,2070.00,1,M
09:11:50,2070.00,5,M
09:11:50,2070.00,2,M
09:11:50,2070.00,1,M
09:11:50,2070.00,1,M
09:11:50,2070.00,1,M
09:11:50,2070.00,2,M
09:11:50,2070.00,1,M
09:11:50,2070.00,1,M
09:11:50,2070.00,2,M
09:11:50,2070.00,5,M
09:11:50,2070.00,1,M
09:11:50,2070.00,1,M
09:11:50,2070.00,1,M
09:11:50,2070.00,1,M
09:11:50,2070.00,2,M
09:11:50,2070.00,1,M
09:11:50,2070.00,1,M
09:11:50,2070.00,1,M
09:11:50,2070.00,1,M
09:11:50,2070.00,1,M
09:11:48,2069.70,1,B
09:11:47,2070.00,1,M
09:11:47,2070.00,9,M
09:11:47,2070.00,1,M
09:11:47,2070.00,2,M
09:11:47,2070.00,1,M
09:11:47,2070.00,10,M
09:11:47,2070.00,1,M
09:11:47,2069.90,1,M
09:11:47,2069.90,10,M
09:11:47,2069.90,1,M
09:11:46,2069.70,3,B
09:11:46,2069.80,1,B
09:11:46,2069.90,1,M
09:11:44,2069.90,1,M
09:11:40,2069.70,1,B
09:11:40,2069.90,2,M
09:11:40,2069.90,10,M
09:11:40,2069.90,5,M
09:11:40,2069.90,5,M
09:11:40,2069.90,1,M
09:11:39,2069.90,2,M
09:11:36,2069.90,5,M
09:11:34,2069.90,1,M
09:11:34,2069.90,1,M
09:11:30,2069.90,2,M
09:11:30,2069.90,1,M
09:11:30,2069.60,10,B
09:11:28,2069.70,1,B
09:11:26,2069.90,6,M
09:11:25,2069.60,4,B
09:11:25,2069.70,1,B
09:11:19,2069.60,1,B
09:11:13,2069.90,5,M
09:11:11,2069.90,8,M
09:11:09,2069.50,2,B
09:11:09,2069.50,33,B
09:11:09,2069.50,1,B
09:11:09,2069.50,1,B
09:11:09,2069.60,1,B
09:11:09,2069.60,4,B
09:11:09,2069.60,1,B
09:11:09,2069.60,1,B
09:11:09,2069.60,1,B
09:11:09,2069.60,1,B
09:11:09,2069.70,2,B
09:11:09,2069.80,1,B
09:11:09,2069.80,1,B
09:11:09,2069.80,2,B
09:11:09,2070.00,25,M
09:11:08,2069.90,1,B
09:11:06,2070.00,2,M
09:11:06,2070.00,20,M
09:11:03,2070.00,3,M
09:11:03,2069.90,1,M
09:11:03,2069.90,1,M
09:11:03,2069.80,1,B
09:11:03,2069.90,20,M
09:11:02,2069.90,1,M
09:11:00,2069.90,1,B
09:10:59,2069.90,1,B
09:10:57,2069.90,1,B
09:10:55,2069.90,1,M
09:10:52,2069.90,1,B
09:10:50,2070.00,1,M
09:10:50,2070.00,1,M
09:10:50,2070.00,1,M
09:10:50,2069.90,1,M
09:10:50,2069.80,2,B
09:10:50,2069.80,2,B
09:10:50,2069.80,6,B
09:10:49,2069.90,1,M
09:10:47,2069.90,1,M
09:10:47,2069.90,1,M
09:10:47,2069.90,12,M
09:10:47,2069.90,1,M
09:10:45,2069.80,1,M
09:10:45,2069.80,1,M
09:10:45,2069.80,1,M
09:10:45,2069.80,1,M
09:10:45,2069.80,5,M
09:10:45,2069.60,1,B
09:10:45,2069.60,1,B
09:10:44,2069.60,4,B
09:10:43,2069.80,2,M
09:10:43,2069.60,1,B
09:10:42,2069.60,1,B
09:10:42,2069.70,1,M
09:10:40,2069.80,2,M
09:10:39,2069.70,1,B
09:10:39,2069.80,10,M
09:10:39,2069.80,1,M
09:10:39,2069.80,1,M
09:10:30,2069.80,1,M
09:10:30,2069.80,1,M
09:10:29,2069.70,1,B
09:10:26,2069.60,1,B
09:10:20,2069.80,1,M
09:10:20,2069.80,2,M
09:10:17,2069.90,2,M
09:10:17,2069.90,6,M
09:10:17,2069.90,1,M
09:10:17,2069.90,1,M
09:10:17,2069.90,1,M
09:10:17,2069.90,4,M
09:10:15,2069.90,1,M
09:10:15,2069.70,1,M
09:10:15,2069.90,3,M
09:10:13,2069.80,1,B
09:10:13,2069.80,5,B
09:10:12,2069.80,1,B
09:10:12,2069.80,1,M
09:10:12,2069.80,1,M
09:10:12,2069.80,6,M
09:10:10,2069.70,1,M
09:10:10,2069.70,2,M
09:10:09,2069.50,1,B
09:10:08,2069.50,1,B
09:10:06,2069.50,1,M
09:10:06,2069.50,1,M
09:10:06,2069.50,1,M
09:10:06,2069.50,1,M
09:10:06,2069.50,1,M
09:10:06,2069.50,2,M
09:10:06,2069.50,2,M
09:10:06,2069.50,1,M
09:10:06,2069.50,1,M
09:10:06,2069.50,1,M
09:10:06,2069.50,4,M
09:10:05,2069.50,1,M
09:10:05,2069.50,1,M
09:10:05,2069.40,5,B
09:10:04,2069.50,1,M
09:10:04,2069.90,2,M
09:10:04,2069.90,12,M
09:10:04,2069.80,1,M
09:10:04,2069.80,2,M
09:10:04,2069.80,1,M
09:10:04,2069.80,10,M
09:10:04,2069.60,1,M
09:10:04,2069.60,1,M
09:10:04,2069.20,1,B
09:10:04,2069.20,1,B
09:10:04,2069.20,1,B
09:10:04,2069.20,3,B
09:10:04,2069.30,1,B
09:10:03,2069.50,1,M
09:10:03,2069.50,4,M
09:10:02,2069.50,1,M
09:10:00,2069.20,2,B
09:10:00,2069.20,1,B
09:09:59,2069.20,7,B
09:09:59,2069.20,1,B
09:09:59,2069.30,2,B
09:09:58,2069.20,1,B
09:09:58,2069.30,1,B
09:09:58,2069.40,1,M
09:09:57,2069.20,2,B
09:09:57,2069.20,1,B
09:09:57,2069.20,3,B
09:09:57,2069.30,1,B
09:09:57,2069.30,1,B
09:09:57,2069.30,1,B
09:09:57,2069.30,1,B
09:09:55,2069.50,1,M
09:09:55,2069.50,4,M
09:09:54,2069.30,1,B
09:09:54,2069.30,1,B
09:09:54,2069.30,3,B
09:09:54,2069.30,1,B
09:09:54,2069.30,1,B
09:09:54,2069.30,3,B
09:09:54,2069.30,3,B
09:09:53,2069.30,10,B
09:09:52,2069.30,4,B
09:09:52,2069.30,1,B
09:09:51,2069.30,1,B
09:09:51,2069.40,7,M
09:09:51,2069.30,1,B
09:09:50,2069.30,1,B
09:09:50,2069.40,1,B
09:09:49,2069.30,1,B
09:09:48,2069.50,1,M
09:09:47,2069.30,2,B
09:09:47,2069.30,1,B
09:09:47,2069.50,1,B
09:09:46,2069.30,3,B
09:09:46,2069.40,1,B
09:09:46,2069.40,1,B
09:09:46,2069.40,5,B
09:09:46,2069.50,10,B
09:09:46,2069.60,1,M
09:09:46,2069.50,12,B
09:09:45,2069.50,1,B
09:09:45,2069.50,2,B
09:09:43,2069.40,2,B
09:09:42,2069.40,2,B
09:09:41,2069.40,1,B
09:09:41,2069.40,5,B
09:09:41,2069.40,1,B
09:09:41,2069.50,1,B
09:09:41,2069.60,1,B
09:09:41,2069.60,2,B
09:09:41,2069.60,1,B
09:09:40,2069.60,1,B
09:09:40,2069.60,2,B
09:09:39,2069.60,4,B
09:09:39,2069.30,9,B
09:09:39,2069.30,5,B
09:09:39,2069.40,2,B
09:09:39,2069.40,5,B
09:09:39,2069.40,7,B
09:09:39,2069.50,1,B
09:09:39,2069.50,1,B
09:09:39,2069.50,1,B
09:09:39,2069.50,15,B
09:09:39,2069.50,3,B
09:09:39,2069.60,1,B
09:09:38,2069.50,2,B
09:09:38,2069.50,2,B
09:09:37,2069.90,5,M
09:09:37,2069.90,1,M
09:09:37,2069.80,1,M
09:09:37,2069.60,1,M
09:09:36,2069.50,1,B
09:09:32,2069.50,4,B
09:09:32,2069.60,1,B
09:09:32,2069.60,5,B
09:09:32,2069.50,2,B
09:09:32,2069.50,2,B
09:09:31,2069.50,1,B
09:09:31,2070.00,1,M
09:09:31,2070.00,1,M
09:09:31,2069.90,1,M
09:09:31,2069.90,1,M
09:09:31,2069.90,1,M
09:09:28,2069.50,6,B
09:09:28,2069.50,1,B
09:09:28,2069.60,1,B
09:09:28,2069.60,12,B
09:09:28,2069.60,2,M
09:09:28,2069.60,1,B
09:09:28,2069.60,1,B
09:09:28,2069.60,10,B
09:09:28,2069.60,1,B
09:09:28,2069.60,2,B
09:09:28,2069.60,4,B
09:09:28,2069.70,1,B
09:09:28,2069.70,1,B
09:09:27,2069.80,1,B
09:09:23,2070.00,1,M
09:09:23,2070.10,2,M
09:09:23,2070.00,1,M
09:09:23,2070.00,1,M
09:09:23,2070.00,1,M
09:09:23,2070.00,1,M
09:09:23,2070.00,1,M
09:09:23,2070.00,2,M
09:09:23,2069.90,3,M
09:09:23,2069.70,6,M
09:09:21,2069.70,1,B
09:09:21,2069.70,2,B
09:09:21,2069.70,1,B
09:09:20,2069.70,1,B
09:09:20,2070.00,4,M
09:09:17,2069.70,1,B
09:09:16,2069.70,2,B
09:09:15,2070.00,1,M
09:09:15,2069.70,1,M
09:09:13,2069.90,1,M
09:09:13,2069.50,2,B
09:09:13,2069.60,1,B
09:09:13,2069.60,1,B
09:09:13,2069.60,1,B
09:09:13,2069.60,1,B
09:09:13,2069.70,15,B
09:09:13,2070.00,1,M
09:09:13,2069.90,1,M
09:09:13,2069.80,1,M
09:09:12,2069.70,1,B
09:09:12,2069.70,2,B
09:09:11,2069.90,1,M
09:09:10,2069.60,2,B
09:09:09,2069.60,2,B
09:09:09,2069.60,2,B
09:09:09,2070.00,1,M
09:09:09,2069.60,1,B
09:09:09,2069.80,1,B
09:09:09,2069.80,1,B
09:09:09,2069.80,3,B
09:09:09,2069.80,2,B
09:09:09,2070.00,8,B
09:09:09,2070.00,1,B
09:09:09,2070.00,15,B
09:09:08,2070.00,1,B
09:09:07,2070.00,1,B
09:09:05,2070.20,1,M
09:09:05,2070.20,1,M
09:09:05,2070.20,1,M
09:09:04,2070.00,1,B
09:09:03,2070.00,1,B
09:09:03,2070.00,1,M
09:09:02,2069.80,18,B
09:09:02,2069.80,3,B
09:09:02,2069.80,9,B
09:09:02,2069.80,2,B
09:09:01,2069.80,3,B
09:09:01,2069.80,4,B
09:09:00,2069.90,1,B
09:09:00,2069.90,1,B
09:09:00,2070.10,1,M
09:09:00,2069.90,1,M
09:09:00,2069.90,1,M
09:08:59,2069.90,1,M
09:08:58,2069.90,1,B
09:08:58,2069.90,21,M
09:08:58,2069.80,1,B
09:08:58,2069.80,1,B
09:08:58,2069.90,1,M
09:08:58,2069.90,3,B
09:08:58,2069.90,16,B
09:08:58,2070.00,20,B
09:08:58,2070.00,3,B
09:08:58,2070.00,3,B
09:08:58,2070.00,2,B
09:08:58,2070.00,1,B
09:08:58,2070.00,3,B
09:08:58,2070.00,1,B
09:08:58,2070.00,1,B
09:08:58,2070.00,1,B
09:08:58,2070.10,1,B
09:08:58,2070.10,1,B
09:08:58,2070.20,1,B
09:08:58,2070.20,1,B
09:08:57,2070.50,1,B
09:08:57,2070.50,1,B
09:08:57,2070.50,1,M
09:08:57,2070.50,1,M
09:08:57,2070.40,1,M
09:08:57,2070.00,3,B
09:08:57,2070.00,1,B
09:08:57,2070.00,5,B
09:08:57,2070.00,1,B
09:08:57,2070.00,1,B
09:08:57,2070.00,1,B
09:08:57,2070.00,1,B
09:08:57,2070.00,1,B
09:08:57,2070.10,1,B
09:08:57,2070.10,5,B
09:08:57,2070.10,1,B
09:08:57,2070.10,5,B
09:08:57,2070.20,10,B
09:08:57,2070.20,1,B
09:08:57,2070.20,1,B
09:08:57,2070.20,8,B
09:08:57,2070.20,4,B
09:08:54,2070.20,1,B
09:08:53,2070.50,1,M
09:08:53,2070.40,1,M
09:08:51,2070.50,4,M
09:08:51,2070.00,1,B
09:08:51,2070.00,1,B
09:08:51,2070.00,2,B
09:08:51,2070.10,1,B
09:08:51,2070.20,1,B
09:08:51,2070.20,1,B
09:08:50,2070.20,1,B
09:08:50,2070.30,1,B
09:08:50,2070.50,1,M
09:08:49,2070.20,1,B
09:08:49,2070.60,3,M
09:08:49,2070.50,1,M
09:08:49,2070.60,3,M
09:08:49,2070.60,6,M
09:08:49,2070.30,1,M
09:08:48,2070.20,1,B
09:08:48,2070.30,1,M
09:08:48,2070.20,1,B
09:08:48,2070.20,2,B
09:08:48,2070.30,1,M
09:08:48,2070.30,4,M
09:08:47,2070.20,1,B
09:08:46,2070.20,1,B
09:08:46,2070.20,3,B
09:08:46,2070.20,12,B
09:08:46,2070.20,1,B
09:08:45,2070.00,1,B
09:08:45,2070.00,1,B
09:08:44,2070.00,1,B
09:08:44,2070.10,2,B
09:08:44,2070.10,1,B
09:08:44,2070.10,3,B
09:08:43,2070.00,2,B
09:08:43,2070.10,1,B
09:08:43,2070.10,1,B
09:08:43,2070.10,4,B
09:08:43,2070.10,31,B
09:08:43,2070.30,10,B
09:08:43,2070.40,1,B
09:08:42,2070.30,2,B
09:08:42,2070.40,1,B
09:08:42,2070.40,4,B
09:08:42,2070.40,5,B
09:08:41,2070.40,3,B
09:08:41,2070.40,5,B
09:08:41,2070.60,1,B
09:08:40,2070.40,1,B
09:08:40,2070.60,1,B
09:08:40,2070.70,1,M
09:08:40,2070.70,2,M
09:08:39,2070.10,8,B
09:08:39,2070.20,1,B
09:08:39,2070.20,1,B
09:08:39,2070.30,1,B
09:08:38,2070.10,2,B
09:08:38,2070.50,1,B
09:08:38,2070.50,1,B
09:08:38,2070.30,1,M
09:08:38,2070.30,28,M
09:08:38,2070.30,12,M
09:08:38,2070.30,6,M
09:08:38,2070.10,1,B
09:08:38,2070.10,1,B
09:08:38,2070.20,2,B
09:08:38,2070.20,1,B
09:08:38,2070.20,1,B
09:08:38,2070.20,1,B
09:08:38,2070.20,2,B
09:08:37,2070.20,1,B
09:08:37,2070.20,1,B
09:08:37,2070.20,1,B
09:08:37,2070.20,2,B
09:08:37,2070.30,1,M
09:08:36,2070.30,1,B
09:08:36,2070.40,1,B
09:08:36,2070.40,1,B
09:08:36,2070.50,2,B
09:08:36,2070.50,1,B
09:08:35,2070.50,2,B
09:08:35,2070.50,2,B
09:08:35,2070.50,8,B
09:08:35,2070.50,3,B
09:08:35,2070.80,1,M
09:08:34,2070.80,1,M
09:08:34,2070.50,1,B
09:08:34,2070.50,3,B
09:08:34,2070.50,3,B
09:08:34,2070.50,1,B
09:08:34,2070.60,1,B
09:08:34,2070.70,1,B
09:08:34,2070.70,1,B
09:08:34,2070.70,1,B
09:08:34,2070.70,1,B
09:08:34,2070.80,26,B
09:08:34,2070.90,2,B
09:08:34,2070.90,1,B
09:08:34,2070.90,5,B
09:08:34,2070.90,6,B
09:08:34,2070.90,1,B
09:08:34,2071.20,8,M
09:08:34,2071.10,1,M
09:08:34,2071.00,1,M
09:08:33,2071.00,1,B
09:08:33,2071.00,3,B
09:08:33,2071.00,1,B
09:08:33,2071.00,1,B
09:08:33,2071.00,9,B
09:08:33,2071.00,1,B
09:08:33,2071.00,1,B
09:08:33,2071.00,2,B
09:08:33,2071.00,1,B
09:08:33,2071.00,1,B
09:08:32,2071.00,1,B
09:08:32,2071.00,1,B
09:08:32,2071.00,1,B
09:08:32,2071.10,1,B
09:08:32,2071.10,1,B
09:08:31,2071.20,1,B
09:08:29,2071.00,1,B
09:08:29,2071.00,3,B
09:08:29,2071.00,10,B
09:08:29,2071.00,2,B
09:08:29,2071.00,2,B
09:08:29,2071.00,2,B
09:08:29,2071.00,3,B
09:08:29,2071.00,2,B
09:08:29,2071.00,1,B
09:08:29,2071.00,8,B
09:08:29,2071.10,8,B
09:08:29,2071.20,1,B
09:08:29,2071.20,1,B
09:08:29,2071.20,1,B
09:08:29,2071.20,4,B
09:08:29,2071.30,2,B
09:08:27,2071.20,1,B
09:08:27,2071.30,1,B
09:08:26,2071.60,1,M
09:08:25,2071.30,1,B
09:08:24,2071.60,1,M
09:08:23,2071.50,1,M
09:08:22,2071.10,1,B
09:08:22,2071.10,5,B
09:08:22,2071.10,1,B
09:08:22,2071.10,1,B
09:08:22,2071.10,1,B
09:08:22,2071.10,1,B
09:08:22,2071.10,1,B
09:08:20,2071.20,1,B
09:08:20,2071.20,7,B
09:08:20,2071.30,1,B
09:08:20,2071.40,1,B
09:08:20,2071.50,1,B
09:08:18,2071.70,1,M
09:08:18,2071.70,2,M
09:08:18,2071.70,1,M
09:08:17,2071.20,3,B
09:08:17,2071.30,1,B
09:08:17,2071.30,1,B
09:08:17,2071.30,1,B
09:08:17,2071.30,4,B
09:08:16,2071.80,1,M
09:08:16,2071.80,7,M
09:08:16,2071.70,1,M
09:08:16,2071.70,1,M
09:08:16,2071.30,5,B
09:08:16,2071.30,1,B
09:08:16,2071.30,4,B
09:08:16,2071.80,6,M
09:08:16,2071.70,1,M
09:08:16,2071.70,1,M
09:08:16,2071.70,10,M
09:08:16,2071.70,1,M
09:08:16,2071.70,1,M
09:08:15,2071.30,10,B
09:08:15,2071.30,2,B
09:08:15,2071.30,2,B
09:08:15,2071.30,1,B
09:08:15,2071.40,1,B
09:08:15,2071.40,3,B
09:08:15,2071.50,1,B
09:08:13,2071.70,1,M
09:08:13,2071.70,1,M
09:08:12,2071.30,10,B
09:08:12,2071.30,3,B
09:08:12,2071.50,1,B
09:08:12,2071.70,1,M
09:08:11,2071.50,1,B
09:08:11,2071.70,2,M
09:08:11,2071.60,2,M
09:08:10,2071.70,1,M
09:08:09,2071.40,1,B
09:08:09,2071.40,2,B
09:08:08,2071.40,1,B
09:08:07,2071.60,2,M
09:08:07,2071.50,1,B
09:08:06,2071.50,1,B
09:08:05,2071.80,14,M
09:08:05,2071.70,2,M
09:08:05,2071.70,1,M
09:08:04,2071.60,1,M
09:08:04,2071.30,5,B
09:08:04,2071.30,1,B
09:08:04,2071.30,1,B
09:08:04,2071.30,1,B
09:08:04,2071.50,1,B
09:08:04,2071.60,1,B
09:08:03,2071.30,2,B
09:08:03,2071.70,1,M
09:08:02,2071.70,1,M
09:08:02,2071.70,1,M
09:08:00,2071.30,1,B
09:08:00,2071.30,9,B
09:08:00,2071.30,1,B
09:07:59,2071.50,1,B
09:07:59,2071.60,1,M
09:07:59,2071.60,1,B
09:07:58,2071.80,3,M
09:07:58,2071.70,1,M
09:07:58,2071.70,1,M
09:07:58,2071.70,20,B
09:07:58,2071.70,1,B
09:07:58,2071.70,46,B
09:07:56,2071.70,1,B
09:07:56,2071.70,1,B
09:07:55,2071.90,2,M
09:07:55,2071.80,1,M
09:07:55,2071.80,1,M
09:07:53,2071.70,30,B
09:07:53,2071.80,1,B
09:07:53,2071.80,1,B
09:07:53,2071.80,5,B
09:07:53,2071.80,1,B
09:07:53,2071.90,2,B
09:07:53,2071.90,5,B
09:07:53,2071.90,1,B
09:07:52,2072.00,1,M
09:07:51,2071.90,1,B
09:07:51,2071.90,1,B
09:07:51,2072.00,1,M
09:07:51,2072.00,2,M
09:07:50,2071.90,1,B
09:07:49,2071.90,1,B
09:07:49,2071.90,3,B
09:07:49,2071.90,10,B
09:07:49,2072.00,4,M
09:07:49,2072.00,1,M
09:07:49,2072.00,1,M
09:07:48,2072.00,15,M
09:07:48,2072.00,14,M
09:07:48,2072.00,1,M
09:07:48,2072.00,15,M
09:07:48,2072.00,2,M
09:07:47,2072.00,2,M
09:07:47,2072.00,1,M
09:07:47,2072.00,2,M
09:07:47,2072.00,2,M
09:07:47,2072.00,3,M
09:07:47,2071.90,1,B
09:07:47,2072.00,1,M
09:07:46,2071.90,1,B
09:07:46,2071.90,8,B
09:07:46,2072.00,1,M
09:07:46,2072.00,5,M
09:07:46,2072.00,1,M
09:07:46,2072.00,1,M
09:07:46,2072.00,2,M
09:07:46,2072.00,1,M
09:07:46,2072.00,1,M
09:07:46,2072.00,1,M
09:07:46,2072.00,5,M
09:07:46,2072.00,1,M
09:07:46,2072.00,1,M
09:07:46,2072.00,1,M
09:07:45,2071.90,1,B
09:07:45,2072.00,1,M
09:07:44,2072.00,1,M
09:07:44,2072.00,3,M
09:07:44,2072.00,10,M
09:07:44,2072.00,1,M
09:07:44,2072.00,1,M
09:07:44,2072.00,1,M
09:07:44,2072.00,1,M
09:07:43,2072.00,3,M
09:07:43,2072.00,1,M
09:07:43,2072.00,1,M
09:07:43,2072.00,1,M
09:07:43,2072.00,1,M
09:07:43,2072.00,1,M
09:07:43,2072.00,1,M
09:07:43,2072.00,1,M
09:07:43,2071.90,5,B
09:07:43,2072.00,3,M
09:07:42,2071.90,2,M
09:07:41,2071.80,1,B
09:07:41,2071.90,2,M
09:07:41,2071.90,2,M
09:07:41,2071.90,1,M
09:07:41,2071.90,4,M
09:07:41,2071.90,1,M
09:07:41,2071.90,10,M
09:07:41,2071.90,10,M
09:07:41,2071.90,1,M
09:07:41,2071.90,1,M
09:07:41,2071.90,1,M
09:07:41,2071.80,5,M
09:07:41,2071.80,1,M
09:07:41,2071.80,1,M
09:07:40,2071.80,2,M
09:07:40,2071.80,2,M
09:07:40,2071.80,2,M
09:07:40,2071.80,2,M
09:07:40,2071.80,2,M
09:07:40,2071.80,1,M
09:07:40,2071.80,6,M
09:07:40,2071.80,1,M
09:07:40,2071.80,1,M
09:07:40,2071.80,1,M
09:07:40,2071.70,2,B
09:07:39,2071.60,20,M
09:07:39,2071.30,1,B
09:07:39,2071.40,1,B
09:07:36,2071.70,3,M
09:07:36,2071.60,2,M
09:07:36,2071.60,1,M
09:07:36,2071.50,1,M
09:07:36,2071.50,2,M
09:07:36,2071.50,1,M
09:07:36,2071.50,1,M
09:07:36,2071.00,2,B
09:07:36,2071.00,1,B
09:07:36,2071.00,3,B
09:07:36,2071.00,1,B
09:07:36,2071.00,1,B
09:07:36,2071.10,1,B
09:07:36,2071.10,20,B
09:07:36,2071.10,2,B
09:07:36,2071.20,1,B
09:07:36,2071.20,1,B
09:07:36,2071.20,1,M
09:07:33,2071.20,10,M
09:07:33,2071.20,1,M
09:07:32,2071.20,2,M
09:07:32,2071.20,2,M
09:07:31,2071.20,2,M
09:07:31,2071.10,1,B
09:07:30,2071.60,1,M
09:07:30,2071.60,1,M
09:07:30,2071.60,1,M
09:07:30,2071.60,1,M
09:07:30,2071.60,1,M
09:07:30,2071.60,1,M
09:07:30,2071.50,1,M
09:07:30,2071.50,1,M
09:07:30,2071.50,1,M
09:07:30,2071.10,1,B
09:07:30,2071.20,1,B
09:07:28,2071.60,1,M
09:07:28,2071.50,1,M
09:07:28,2071.40,1,M
09:07:28,2071.40,2,M
09:07:28,2071.00,1,B
09:07:28,2071.00,1,B
09:07:28,2071.00,1,B
09:07:28,2071.00,7,B
09:07:28,2071.10,1,B
09:07:28,2071.10,1,B
09:07:28,2071.10,3,B
09:07:28,2071.20,1,B
09:07:27,2071.20,2,B
09:07:26,2071.10,1,B
09:07:26,2071.10,2,B
09:07:26,2071.10,1,B
09:07:26,2071.20,1,B
09:07:25,2071.20,1,B
09:07:24,2071.10,1,B
09:07:24,2071.70,1,M
09:07:24,2071.00,1,B
09:07:24,2071.70,6,M
09:07:24,2071.70,5,M
09:07:24,2071.70,5,M
09:07:24,2071.70,8,M
09:07:24,2071.60,3,M
09:07:24,2071.50,2,M
09:07:24,2071.50,2,M
09:07:24,2071.40,2,M
09:07:24,2071.40,1,M
09:07:24,2071.40,1,M
09:07:24,2071.40,3,M
09:07:24,2071.40,1,M
09:07:24,2071.30,1,M
09:07:24,2071.30,2,M
09:07:24,2071.30,1,M
09:07:24,2071.20,2,M
09:07:24,2071.20,3,M
09:07:24,2071.20,1,M
09:07:24,2071.10,1,M
09:07:24,2071.00,1,B
09:07:22,2071.00,6,B
09:07:22,2071.00,1,B
09:07:22,2071.00,3,B
09:07:22,2071.00,1,B
09:07:20,2071.10,1,B
09:07:20,2071.10,3,B
09:07:20,2071.20,1,M
09:07:20,2071.10,1,B
09:07:20,2071.10,3,B
09:07:19,2071.20,1,M
09:07:19,2071.10,3,B
09:07:17,2071.30,1,M
09:07:17,2071.10,1,B
09:07:17,2071.20,1,B
09:07:17,2071.20,1,B
09:07:16,2071.20,1,B
09:07:16,2071.20,1,B
09:07:16,2071.20,3,B
09:07:16,2071.20,5,B
09:07:16,2071.40,2,M
09:07:15,2071.20,2,B
09:07:15,2071.20,1,B
09:07:15,2071.20,1,B
09:07:15,2071.20,1,B
09:07:15,2071.30,2,B
09:07:14,2071.40,6,M
09:07:13,2071.30,3,B
09:07:13,2071.40,1,M
09:07:13,2071.30,1,B
09:07:13,2071.40,1,B
09:07:12,2071.20,1,B
09:07:12,2071.60,1,M
09:07:12,2071.60,6,M
09:07:12,2071.50,10,M
09:07:12,2071.40,3,M
09:07:12,2071.20,1,B
09:07:12,2071.20,3,B
09:07:12,2071.20,2,B
09:07:11,2071.40,1,M
09:07:10,2071.40,1,M
09:07:10,2071.00,1,B
09:07:10,2071.00,2,B
09:07:10,2071.00,1,B
09:07:10,2071.10,1,B
09:07:10,2071.10,4,B
09:07:10,2071.10,1,B
09:07:10,2071.10,1,B
09:07:10,2071.20,2,B
09:07:09,2071.10,5,B
09:07:09,2071.70,2,M
09:07:09,2071.70,20,M
09:07:09,2071.70,1,M
09:07:09,2071.70,1,M
09:07:09,2071.70,1,M
09:07:09,2071.70,1,M
09:07:09,2071.60,10,M
09:07:09,2071.60,1,M
09:07:09,2071.60,2,M
09:07:09,2071.60,10,M
09:07:09,2071.60,1,M
09:07:09,2071.60,1,M
09:07:09,2071.50,1,M
09:07:09,2071.50,10,M
09:07:09,2071.50,5,M
09:07:09,2071.50,1,M
09:07:09,2071.50,19,M
09:07:09,2071.50,1,M
09:07:09,2071.50,7,M
09:07:09,2071.40,1,M
09:07:09,2071.40,1,M
09:07:09,2071.40,1,M
09:07:09,2071.40,1,M
09:07:09,2071.40,1,M
09:07:09,2071.40,2,M
09:07:09,2071.40,1,M
09:07:09,2071.40,2,M
09:07:09,2071.40,1,M
09:07:09,2071.40,1,M
09:07:09,2071.40,1,M
09:07:09,2071.40,1,M
09:07:09,2071.40,1,M
09:07:09,2071.40,1,M
09:07:09,2071.40,1,M
09:07:09,2071.40,1,M
09:07:09,2071.40,24,M
09:07:09,2071.30,1,M
09:07:09,2071.30,2,M
09:07:09,2071.30,1,M
09:07:09,2071.30,9,M
09:07:09,2071.30,1,M
09:07:09,2071.20,1,M
09:07:08,2071.00,3,B
09:07:08,2071.20,2,M
09:07:07,2071.20,5,M
09:07:07,2071.20,2,M
09:07:06,2071.40,1,M
09:07:06,2071.30,1,M
09:07:06,2071.30,1,M
09:07:06,2071.30,1,M
09:07:05,2071.30,1,M
09:07:04,2071.30,4,M
09:07:04,2071.00,4,B
09:07:04,2071.00,1,B
09:07:04,2071.00,1,B
09:07:04,2071.00,1,B
09:07:04,2071.00,2,B
09:07:04,2071.00,1,B
09:07:04,2071.30,2,M
09:07:04,2071.00,1,B
09:07:04,2071.00,1,B
09:07:04,2071.00,1,B
09:07:04,2071.00,2,B
09:07:04,2071.00,5,B
09:07:03,2071.00,1,B
09:07:03,2071.30,3,M
09:07:03,2071.20,1,M
09:07:02,2071.00,1,B
09:07:02,2071.30,1,M
09:07:02,2071.00,9,B
09:07:02,2071.00,1,B
09:07:01,2071.00,7,B
09:07:01,2071.10,1,B
09:07:01,2071.10,1,B
09:07:01,2071.30,1,B
09:07:00,2071.40,1,M
09:06:59,2071.00,2,B
09:06:59,2071.10,1,B
09:06:59,2071.20,2,B
09:06:59,2071.20,1,B
09:06:58,2071.20,1,B
09:06:58,2071.20,1,B
09:06:58,2071.20,1,B
09:06:58,2071.20,3,B
09:06:57,2071.50,1,M
09:06:57,2071.50,12,M
09:06:57,2071.50,2,M
09:06:57,2071.50,3,M
09:06:57,2071.30,1,M
09:06:56,2071.20,1,B
09:06:56,2071.20,1,M
09:06:53,2071.00,1,B
09:06:52,2071.00,1,B
09:06:52,2071.00,1,B
09:06:52,2071.00,2,B
09:06:52,2071.10,1,B
09:06:52,2071.50,1,M
09:06:52,2071.50,1,M
09:06:52,2071.50,4,M
09:06:52,2071.40,1,M
09:06:52,2071.30,1,M
09:06:52,2071.30,2,M
09:06:52,2071.30,1,M
09:06:52,2070.90,2,B
09:06:51,2071.20,1,B
09:06:51,2070.90,3,B
09:06:51,2071.00,1,B
09:06:51,2071.00,2,B
09:06:51,2071.00,3,B
09:06:51,2071.10,1,B
09:06:51,2071.30,1,M
09:06:51,2071.30,1,M
09:06:51,2071.20,1,M
09:06:50,2071.20,1,M
09:06:50,2071.20,8,M
09:06:49,2071.30,1,M
09:06:49,2071.30,3,M
09:06:49,2071.10,1,M
09:06:49,2071.10,2,M
09:06:49,2071.00,1,B
09:06:48,2071.00,1,B
09:06:48,2071.00,1,B
09:06:48,2071.10,1,M
09:06:48,2071.00,1,B
09:06:48,2071.00,23,M
09:06:47,2070.90,1,B
09:06:47,2070.90,1,B
09:06:47,2071.00,1,M
09:06:47,2070.90,1,B
09:06:46,2071.00,1,M
09:06:46,2070.90,50,B
09:06:46,2070.90,20,B
09:06:46,2071.00,3,M
09:06:46,2070.90,11,B
09:06:45,2071.00,1,M
09:06:44,2070.90,1,B
09:06:44,2071.10,1,B
09:06:44,2071.10,8,B
09:06:44,2071.20,1,B
09:06:44,2071.30,1,B
09:06:44,2071.40,1,M
09:06:44,2071.60,2,M
09:06:44,2071.50,1,M
09:06:44,2071.50,1,M
09:06:44,2071.50,1,M
09:06:44,2071.50,10,M
09:06:44,2071.40,1,M
09:06:44,2071.40,1,M
09:06:44,2071.40,1,M
09:06:44,2071.30,1,M
09:06:44,2071.30,2,M
09:06:44,2071.20,1,M
09:06:44,2070.90,1,B
09:06:43,2071.10,1,B
09:06:43,2071.10,1,B
09:06:43,2071.10,1,B
09:06:42,2071.10,26,M
09:06:42,2071.00,10,B
09:06:42,2071.10,4,M
09:06:42,2071.10,1,M
09:06:42,2071.00,1,B
09:06:42,2071.00,1,M
09:06:42,2071.00,8,M
09:06:41,2071.00,10,M
09:06:40,2070.90,1,B
09:06:40,2070.90,1,M
09:06:40,2071.00,1,M
09:06:39,2070.60,1,B
09:06:39,2071.00,1,M
09:06:39,2070.90,1,M
09:06:39,2070.70,1,B
09:06:39,2070.90,1,M
09:06:38,2070.90,1,B
09:06:38,2070.90,1,B
09:06:38,2070.60,6,B
09:06:38,2070.60,2,B
09:06:38,2070.60,2,B
09:06:38,2070.50,15,B
09:06:38,2070.60,1,B
09:06:38,2070.60,1,B
09:06:38,2070.60,1,B
09:06:38,2070.80,4,B
09:06:38,2070.80,4,B
09:06:38,2070.80,10,B
09:06:38,2070.90,1,B
09:06:38,2071.00,1,B
09:06:38,2071.00,1,B
09:06:38,2071.00,1,B
09:06:38,2071.30,1,M
09:06:38,2071.00,1,B
09:06:37,2070.90,1,B
09:06:37,2071.40,1,M
09:06:37,2071.40,1,M
09:06:37,2071.40,9,M
09:06:37,2071.30,1,M
09:06:37,2071.00,1,M
09:06:37,2071.40,10,M
09:06:37,2071.10,1,M
09:06:37,2071.10,5,M
09:06:37,2071.10,1,M
09:06:37,2071.00,1,M
09:06:37,2071.00,1,M
09:06:37,2071.00,1,M
09:06:36,2070.50,1,B
09:06:36,2070.50,3,B
09:06:36,2070.50,2,B
09:06:36,2070.50,1,B
09:06:36,2070.60,1,B
09:06:36,2070.60,1,B
09:06:36,2070.60,1,B
09:06:36,2071.10,1,M
09:06:36,2071.10,1,M
09:06:35,2071.00,1,M
09:06:34,2070.60,1,B
09:06:34,2070.80,1,B
09:06:34,2070.80,1,B
09:06:34,2070.50,2,B
09:06:34,2070.60,1,B
09:06:34,2070.60,2,B
09:06:34,2070.60,4,B
09:06:34,2070.70,1,B
09:06:34,2071.10,2,M
09:06:34,2070.70,1,B
09:06:34,2071.10,1,M
09:06:34,2071.00,1,M
09:06:34,2071.00,1,M
09:06:33,2071.00,1,M
09:06:33,2071.00,2,M
09:06:33,2071.00,1,M
09:06:33,2070.90,1,M
09:06:33,2071.10,1,M
09:06:33,2071.10,1,M
09:06:33,2071.10,1,M
09:06:33,2071.00,1,M
09:06:33,2070.90,1,M
09:06:32,2070.40,2,B
09:06:32,2070.50,1,B
09:06:32,2070.50,2,B
09:06:32,2070.50,1,B
09:06:32,2070.50,1,B
09:06:32,2070.50,3,B
09:06:32,2070.50,1,B
09:06:32,2071.00,1,M
09:06:32,2071.00,3,M
09:06:31,2071.00,9,M
09:06:31,2070.90,1,M
09:06:30,2070.40,2,B
09:06:30,2070.40,5,B
09:06:30,2070.50,1,B
09:06:30,2070.60,1,B
09:06:30,2070.60,1,B
09:06:30,2070.50,2,B
09:06:30,2070.50,10,B
09:06:30,2070.50,1,B
09:06:30,2070.60,1,B
09:06:30,2070.60,4,B
09:06:30,2070.80,1,B
09:06:30,2070.80,1,B
09:06:30,2071.00,1,M
09:06:30,2070.80,1,B
09:06:30,2070.80,1,B
09:06:30,2070.80,1,B
09:06:30,2070.90,1,B
09:06:30,2071.00,16,M
09:06:30,2071.00,1,B
09:06:30,2071.00,1,B
09:06:30,2071.00,1,B
09:06:30,2071.10,1,B
09:06:30,2071.00,1,B
09:06:30,2071.40,1,M
09:06:29,2071.80,1,M
09:06:29,2071.80,1,M
09:06:29,2071.80,1,M
09:06:29,2071.80,2,M
09:06:29,2071.80,26,M
09:06:29,2071.70,10,M
09:06:29,2071.70,7,M
09:06:29,2071.70,9,M
09:06:29,2071.70,1,M
09:06:29,2071.60,1,M
09:06:29,2071.60,1,M
09:06:29,2071.50,2,M
09:06:29,2071.50,1,M
09:06:29,2071.50,1,M
09:06:29,2071.50,2,M
09:06:29,2071.40,1,M
09:06:29,2071.40,1,M
09:06:29,2071.20,1,M
09:06:29,2071.20,1,M
09:06:29,2071.00,2,B
09:06:29,2071.00,2,B
09:06:28,2071.00,1,B
09:06:28,2071.00,1,B
09:06:28,2071.00,1,B
09:06:28,2071.00,1,B
09:06:28,2071.10,2,B
09:06:28,2071.10,20,B
09:06:28,2071.10,1,B
09:06:28,2071.10,11,B
09:06:28,2071.20,3,B
09:06:28,2071.20,1,B
09:06:28,2071.20,2,B
09:06:28,2071.20,1,B
09:06:28,2071.20,1,B
09:06:27,2071.20,1,B
09:06:27,2071.40,1,M
09:06:27,2071.40,1,M
09:06:27,2071.20,1,B
09:06:27,2071.20,1,B
09:06:26,2071.50,1,M
09:06:26,2071.50,1,M
09:06:25,2071.30,1,B
09:06:25,2071.80,4,M
09:06:25,2071.80,6,M
09:06:25,2071.70,1,M
09:06:25,2071.60,39,M
09:06:25,2071.60,1,M
09:06:25,2071.60,1,M
09:06:25,2071.50,2,M
09:06:25,2071.40,4,M
09:06:24,2071.80,7,M
09:06:24,2071.80,2,M
09:06:24,2071.80,4,M
09:06:24,2071.70,1,M
09:06:24,2071.50,1,M
09:06:24,2071.50,1,M
09:06:24,2071.40,1,M
09:06:24,2071.40,1,M
09:06:24,2071.40,1,M
09:06:24,2071.40,1,M
09:06:24,2071.40,1,M
09:06:24,2071.10,4,B
09:06:24,2071.20,4,B
09:06:24,2071.20,1,B
09:06:24,2071.20,4,B
09:06:24,2071.20,1,B
09:06:24,2071.20,6,B
09:06:24,2071.20,2,B
09:06:24,2071.20,1,B
09:06:24,2071.20,1,B
09:06:24,2071.30,1,B
09:06:24,2071.40,1,B
09:06:24,2071.40,1,B
09:06:24,2071.50,1,B
09:06:24,2071.50,1,B
09:06:23,2071.50,1,B
09:06:23,2071.60,1,B
09:06:23,2071.80,1,M
09:06:23,2071.80,1,M
09:06:23,2071.80,2,M
09:06:23,2071.80,1,M
09:06:23,2071.70,1,M
09:06:22,2071.40,1,B
09:06:22,2071.80,1,M
09:06:22,2071.30,1,B
09:06:22,2071.90,1,M
09:06:22,2071.90,42,M
09:06:22,2071.90,1,M
09:06:22,2071.90,5,M
09:06:22,2071.90,1,M
09:06:22,2071.90,1,M
09:06:22,2071.90,1,M
09:06:22,2071.90,1,M
09:06:22,2071.90,5,M
09:06:22,2071.80,2,M
09:06:22,2071.80,1,M
09:06:22,2071.80,1,M
09:06:22,2071.70,40,M
09:06:22,2071.60,2,M
09:06:22,2071.50,20,M
09:06:22,2071.50,1,M
09:06:22,2071.50,1,M
09:06:22,2071.40,1,M
09:06:22,2071.40,29,M
09:06:22,2071.40,9,M
09:06:22,2071.40,1,M
09:06:22,2071.20,1,M
09:06:21,2071.00,1,B
09:06:21,2071.00,2,B
09:06:21,2071.00,2,B
09:06:21,2071.20,1,M
09:06:21,2071.00,2,B
09:06:21,2071.20,1,M
09:06:21,2071.20,1,M
09:06:21,2071.00,1,M
09:06:21,2071.00,1,M
09:06:21,2071.00,1,M
09:06:21,2071.00,1,M
09:06:21,2071.00,1,M
09:06:21,2071.00,1,M
09:06:21,2071.00,7,M
09:06:21,2071.00,1,M
09:06:20,2071.00,1,M
09:06:20,2071.00,2,M
09:06:20,2071.00,17,M
09:06:20,2071.00,1,M
09:06:20,2071.00,2,M
09:06:20,2071.00,1,M
09:06:20,2070.50,1,B
09:06:20,2070.60,1,B
09:06:20,2071.00,1,M
09:06:20,2070.50,1,B
09:06:20,2071.00,1,M
09:06:20,2071.00,1,M
09:06:20,2071.00,1,M
09:06:20,2071.00,1,M
09:06:20,2070.90,2,M
09:06:20,2070.90,6,M
09:06:20,2070.90,4,M
09:06:20,2070.90,12,M
09:06:20,2070.90,1,M
09:06:20,2070.90,1,M
09:06:20,2070.90,5,M
09:06:20,2070.80,10,M
09:06:20,2070.80,1,M
09:06:20,2070.80,1,M
09:06:20,2070.80,2,M
09:06:20,2070.80,3,M
09:06:20,2070.80,1,M
09:06:20,2070.80,3,M
09:06:20,2070.70,11,M
09:06:20,2070.70,1,M
09:06:20,2070.70,1,M
09:06:20,2070.70,5,M
09:06:20,2070.70,1,M
09:06:20,2070.60,2,M
09:06:20,2070.60,2,M
09:06:19,2070.60,1,M
09:06:19,2070.60,2,M
09:06:19,2070.50,1,B
09:06:19,2070.50,1,B
09:06:19,2070.50,1,B
09:06:19,2070.50,1,B
09:06:19,2070.50,1,B
09:06:19,2070.50,1,B
09:06:19,2070.50,1,M
09:06:19,2070.50,3,M
09:06:19,2070.50,1,M
09:06:19,2070.50,1,M
09:06:18,2070.50,2,M
09:06:18,2070.50,1,M
09:06:18,2070.50,1,M
09:06:18,2070.50,1,M
09:06:18,2070.30,1,B
09:06:18,2070.30,1,B
09:06:17,2070.40,2,M
09:06:17,2070.40,1,M
09:06:16,2070.20,1,B
09:06:16,2070.40,2,M
09:06:16,2070.40,2,M
09:06:16,2070.40,3,M
09:06:16,2070.40,3,M
09:06:16,2070.40,7,M
09:06:16,2070.40,2,M
09:06:16,2070.30,5,M
09:06:16,2070.30,1,M
09:06:16,2070.30,1,M
09:06:16,2070.30,1,M
09:06:16,2070.30,1,M
09:06:16,2070.30,1,M
09:06:16,2070.20,7,M
09:06:15,2070.20,2,M
09:06:15,2070.00,1,B
09:06:15,2070.20,1,M
09:06:15,2070.20,1,M
09:06:15,2070.10,1,M
09:06:15,2070.10,1,M
09:06:15,2070.10,2,M
09:06:15,2070.00,1,B
09:06:15,2070.10,2,M
09:06:15,2070.10,1,M
09:06:14,2070.10,1,M
09:06:14,2070.00,2,M
09:06:14,2070.00,1,M
09:06:14,2070.00,1,M
09:06:14,2070.00,1,M
09:06:14,2070.00,2,M
09:06:14,2070.00,8,M
09:06:14,2070.00,2,M
09:06:14,2070.00,5,M
09:06:13,2070.00,1,M
09:06:13,2070.00,4,M
09:06:13,2070.00,10,M
09:06:13,2070.00,1,M
