Time,Price,Volume,Side
14:01:07,2058.10,5,B
14:01:07,2058.10,28,B
14:01:07,2058.20,2,B
14:01:07,2058.20,8,B
14:01:07,2058.20,1,B
14:01:07,2058.30,1,B
14:01:07,2058.30,1,B
14:01:06,2058.40,1,M
14:01:05,2058.40,1,M
14:01:05,2058.40,1,M
14:01:05,2058.40,1,M
14:01:04,2058.40,2,B
14:01:04,2058.50,1,B
14:01:04,2058.40,1,B
14:01:03,2058.60,3,M
14:01:03,2058.50,1,B
14:01:03,2058.50,1,B
14:01:03,2058.50,1,B
14:01:02,2058.60,2,M
14:01:02,2058.50,1,B
14:01:02,2058.50,1,B
14:01:00,2058.50,1,B
14:01:00,2058.60,1,M
14:01:00,2058.60,1,M
14:00:57,2058.60,1,M
14:00:54,2058.30,6,B
14:00:54,2058.40,1,B
14:00:54,2058.40,1,B
14:00:54,2058.40,1,B
14:00:54,2058.60,2,B
14:00:53,2058.40,1,B
14:00:53,2058.40,11,B
14:00:53,2058.40,1,B
14:00:53,2058.40,1,B
14:00:53,2058.50,1,B
14:00:53,2058.60,6,B
14:00:52,2058.60,1,B
14:00:52,2058.60,2,B
14:00:51,2058.60,1,B
14:00:50,2058.80,1,M
14:00:49,2058.80,1,M
14:00:47,2058.60,5,B
14:00:44,2058.80,1,M
14:00:44,2058.50,1,B
14:00:43,2058.50,1,B
14:00:43,2058.80,1,M
14:00:42,2058.40,1,B
14:00:41,2058.40,5,B
14:00:41,2058.40,1,B
14:00:41,2058.50,1,B
14:00:41,2058.50,1,B
14:00:41,2058.50,1,B
14:00:41,2058.50,1,B
14:00:41,2058.50,1,B
14:00:41,2058.50,7,B
14:00:41,2058.80,18,B
14:00:41,2058.80,1,B
14:00:40,2058.80,1,B
14:00:40,2059.00,3,M
14:00:40,2059.00,40,M
14:00:40,2059.00,2,M
14:00:40,2059.00,1,M
14:00:40,2059.00,1,M
14:00:40,2059.00,1,M
14:00:40,2059.00,1,M
14:00:40,2058.90,1,M
14:00:40,2058.50,1,B
14:00:39,2058.50,2,B
14:00:39,2059.00,1,M
14:00:39,2059.00,1,M
14:00:39,2058.60,1,M
14:00:38,2058.50,1,B
14:00:38,2059.00,1,M
14:00:38,2059.00,1,M
14:00:38,2059.00,15,M
14:00:38,2058.90,4,M
14:00:38,2058.90,1,M
14:00:38,2058.90,1,M
14:00:38,2058.90,3,M
14:00:38,2058.90,20,M
14:00:38,2058.90,3,M
14:00:38,2058.90,1,M
14:00:38,2058.50,1,B
14:00:38,2058.80,1,B
14:00:37,2058.90,1,M
14:00:37,2058.90,2,M
14:00:36,2058.50,1,B
14:00:36,2058.80,5,B
14:00:36,2058.80,7,B
14:00:36,2058.80,1,B
14:00:36,2058.80,7,M
14:00:36,2058.80,5,M
14:00:36,2058.80,12,M
14:00:36,2058.80,12,M
14:00:36,2058.80,12,M
14:00:36,2058.80,9,M
14:00:35,2058.80,3,M
14:00:35,2058.50,1,B
14:00:34,2058.90,1,M
14:00:34,2058.50,6,B
14:00:34,2058.50,9,B
14:00:34,2058.90,1,M
14:00:34,2058.90,1,M
14:00:34,2058.90,1,M
14:00:34,2058.90,1,M
14:00:34,2058.90,15,M
14:00:34,2058.90,1,B
14:00:33,2058.90,13,B
14:00:33,2058.90,5,B
14:00:32,2058.60,5,M
14:00:32,2058.50,1,B
14:00:32,2058.50,1,B
14:00:32,2058.50,1,B
14:00:32,2058.60,10,M
14:00:32,2058.60,6,M
14:00:32,2058.60,7,M
14:00:32,2058.90,16,B
14:00:32,2058.90,1,B
14:00:31,2058.90,8,M
14:00:30,2058.90,1,M
14:00:30,2058.60,1,B
14:00:29,2059.00,2,M
14:00:29,2058.90,2,M
14:00:29,2058.90,1,M
14:00:29,2058.90,1,M
14:00:29,2059.00,1,M
14:00:29,2058.90,1,M
14:00:29,2058.50,1,B
14:00:29,2058.60,1,B
14:00:29,2058.60,2,B
14:00:28,2058.90,1,M
14:00:28,2059.00,1,M
14:00:27,2058.60,2,M
14:00:27,2058.40,1,B
14:00:27,2058.50,1,B
14:00:26,2058.60,1,M
14:00:26,2058.40,1,B
14:00:26,2058.50,2,B
14:00:25,2059.00,1,M
14:00:25,2059.00,3,M
14:00:25,2059.00,1,M
14:00:25,2058.90,3,M
14:00:25,2058.90,2,M
14:00:25,2058.90,1,M
14:00:25,2058.90,2,M
14:00:25,2058.80,1,M
14:00:25,2058.80,1,M
14:00:25,2058.80,5,M
14:00:25,2058.80,4,M
14:00:25,2058.80,1,M
14:00:25,2058.70,1,M
14:00:25,2058.70,1,M
14:00:25,2058.70,5,M
14:00:25,2058.70,6,M
14:00:25,2058.50,1,M
14:00:25,2058.50,1,M
14:00:25,2058.40,4,M
14:00:24,2058.20,1,B
14:00:24,2058.30,1,M
14:00:23,2058.00,1,B
14:00:23,2058.40,1,M
14:00:23,2058.40,1,M
14:00:23,2058.30,1,M
14:00:23,2058.30,1,M
14:00:23,2057.90,1,B
14:00:23,2057.90,6,B
14:00:23,2057.90,1,B
14:00:21,2057.90,1,B
14:00:21,2058.00,1,B
14:00:20,2058.40,5,M
14:00:20,2058.00,1,B
14:00:20,2058.50,14,M
14:00:20,2058.40,2,M
14:00:20,2058.40,1,M
14:00:20,2058.40,1,M
14:00:20,2058.30,2,M
14:00:20,2057.90,1,B
14:00:20,2057.90,1,B
14:00:20,2057.80,1,B
14:00:20,2057.90,1,B
14:00:19,2058.30,1,M
14:00:19,2058.10,1,B
14:00:19,2058.10,1,B
14:00:19,2058.20,3,B
14:00:19,2058.50,3,M
14:00:18,2058.50,2,M
14:00:18,2058.50,3,M
14:00:18,2058.50,25,M
14:00:18,2058.20,3,B
14:00:18,2058.50,1,B
14:00:18,2058.50,5,B
14:00:18,2058.50,46,B
14:00:18,2058.70,20,B
14:00:18,2058.70,3,M
14:00:18,2058.70,1,M
14:00:18,2058.70,12,M
14:00:18,2058.70,2,M
14:00:18,2058.50,1,B
14:00:17,2058.50,1,B
14:00:16,2058.50,1,B
14:00:16,2058.70,5,M
14:00:16,2058.70,23,M
14:00:16,2058.60,2,M
14:00:15,2058.70,1,M
14:00:14,2058.70,1,M
14:00:14,2058.50,1,B
14:00:13,2058.70,1,M
14:00:13,2058.50,2,B
14:00:13,2058.70,1,M
14:00:13,2058.70,1,M
14:00:13,2058.70,1,M
14:00:13,2058.70,1,M
14:00:13,2058.50,10,B
14:00:13,2058.60,6,B
14:00:12,2058.60,1,B
14:00:12,2058.70,1,M
14:00:12,2058.60,1,B
14:00:11,2058.80,1,M
14:00:11,2058.80,2,M
14:00:11,2058.80,2,M
14:00:10,2058.60,1,B
14:00:10,2058.60,1,B
14:00:10,2058.60,1,B
14:00:10,2058.50,3,B
14:00:10,2058.50,1,B
14:00:10,2058.50,29,B
14:00:10,2058.60,1,B
14:00:10,2058.70,10,B
14:00:10,2058.70,3,M
14:00:10,2058.70,1,M
14:00:10,2058.70,2,M
14:00:10,2058.70,4,M
14:00:09,2058.70,1,M
14:00:08,2058.50,3,B
14:00:08,2058.60,1,B
14:00:08,2058.70,1,M
14:00:07,2058.60,1,B
14:00:06,2058.60,1,B
14:00:06,2058.60,3,B
14:00:06,2058.60,2,B
14:00:06,2058.60,13,B
14:00:06,2058.60,1,B
14:00:06,2058.60,1,B
14:00:05,2058.60,1,B
14:00:05,2058.60,1,B
14:00:04,2058.60,8,M
14:00:04,2058.60,1,M
14:00:03,2058.60,1,M
14:00:03,2058.50,1,B
14:00:03,2058.50,1,B
14:00:02,2058.50,1,B
14:00:02,2058.50,1,M
14:00:02,2058.50,2,M
14:00:02,2058.50,2,M
14:00:02,2058.50,25,M
14:00:02,2058.40,1,M
14:00:02,2058.30,3,M
14:00:02,2058.30,2,M
14:00:02,2058.30,1,M
14:00:02,2058.30,11,M
14:00:02,2058.20,1,M
14:00:02,2058.10,5,M
14:00:02,2058.10,1,M
14:00:02,2058.10,16,M
14:00:02,2058.00,5,M
14:00:02,2057.90,1,B
14:00:02,2057.90,1,B
14:00:02,2057.90,1,B
14:00:02,2057.90,2,M
14:00:01,2057.80,1,M
14:00:01,2057.90,1,M
14:00:01,2057.70,1,B
14:00:01,2057.70,3,B
14:00:01,2057.70,2,B
14:00:01,2057.70,1,B
14:00:00,2057.70,1,B
14:00:00,2057.90,1,M
14:00:00,2058.00,1,B
13:59:59,2057.70,1,B
13:59:59,2057.70,1,B
13:59:59,2057.80,1,B
13:59:58,2058.20,1,M
13:59:58,2057.90,4,B
13:59:58,2057.90,1,B
13:59:58,2057.90,1,B
13:59:58,2057.90,5,B
13:59:58,2058.00,9,B
13:59:58,2057.90,11,B
13:59:57,2058.30,6,M
13:59:57,2057.90,4,B
13:59:57,2058.20,1,M
13:59:57,2058.10,1,M
13:59:55,2057.90,30,B
13:59:55,2058.00,1,B
13:59:55,2058.00,1,B
13:59:55,2058.00,1,B
13:59:55,2058.00,1,B
13:59:55,2058.00,4,B
13:59:55,2058.00,1,B
13:59:55,2058.00,3,B
13:59:55,2058.20,7,B
13:59:54,2058.20,1,B
13:59:54,2058.30,1,M
13:59:54,2058.20,3,B
13:59:53,2058.10,1,M
13:59:53,2058.00,2,B
13:59:53,2058.10,1,B
13:59:53,2058.10,2,B
13:59:53,2058.30,1,M
13:59:53,2058.30,5,M
13:59:52,2058.10,11,B
13:59:52,2058.30,1,M
13:59:51,2058.10,1,B
13:59:51,2058.20,1,B
13:59:50,2058.00,1,B
13:59:50,2058.40,12,M
13:59:50,2058.00,2,B
13:59:50,2058.00,1,B
13:59:50,2058.00,1,B
13:59:50,2058.00,15,B
13:59:50,2058.10,2,B
13:59:50,2058.10,1,B
13:59:50,2058.10,2,B
13:59:50,2058.20,1,B
13:59:50,2058.30,25,B
13:59:50,2058.40,2,M
13:59:50,2058.40,3,M
13:59:49,2058.40,2,M
13:59:49,2058.30,1,B
13:59:49,2058.30,1,B
13:59:46,2058.30,2,B
13:59:46,2058.30,1,B
13:59:46,2058.30,1,B
13:59:46,2058.50,1,B
13:59:45,2058.50,1,B
13:59:45,2058.50,1,B
13:59:44,2058.10,1,B
13:59:44,2058.10,7,B
13:59:44,2058.20,1,B
13:59:44,2058.10,13,B
13:59:44,2058.10,5,B
13:59:44,2058.10,1,B
13:59:44,2058.10,1,B
13:59:44,2058.20,1,B
13:59:44,2058.20,1,B
13:59:44,2058.20,1,B
13:59:44,2058.20,3,B
13:59:44,2058.20,1,B
13:59:44,2058.30,1,B
13:59:44,2058.30,6,B
13:59:44,2058.60,2,B
13:59:44,2058.50,1,M
13:59:43,2058.80,2,M
13:59:43,2058.50,1,M
13:59:42,2058.50,1,M
13:59:42,2058.20,1,B
13:59:41,2058.30,1,B
13:59:41,2058.40,1,B
13:59:41,2058.40,1,B
13:59:41,2058.40,1,B
13:59:41,2058.40,1,M
13:59:40,2058.50,1,B
13:59:40,2058.50,1,B
13:59:40,2058.50,1,B
13:59:40,2058.50,1,B
13:59:40,2058.50,1,B
13:59:40,2058.50,1,B
13:59:40,2058.90,1,M
13:59:40,2058.80,20,M
13:59:40,2058.80,1,M
13:59:40,2058.80,1,M
13:59:40,2058.80,1,M
13:59:40,2058.60,5,M
13:59:40,2058.60,15,M
13:59:39,2058.50,1,B
13:59:38,2058.60,4,B
13:59:38,2058.60,2,B
13:59:38,2058.60,4,B
13:59:38,2058.80,1,M
13:59:38,2058.60,1,B
13:59:37,2058.60,1,B
13:59:36,2058.80,1,M
13:59:35,2058.60,4,B
13:59:35,2058.80,1,M
13:59:34,2058.80,2,M
13:59:33,2058.50,1,B
13:59:32,2058.80,1,M
13:59:31,2058.60,5,M
13:59:31,2058.60,1,B
13:59:31,2058.60,1,B
13:59:31,2058.60,3,B
13:59:30,2058.60,1,B
13:59:30,2058.60,1,B
13:59:27,2058.60,1,B
13:59:27,2058.50,1,B
13:59:27,2058.50,1,B
13:59:27,2058.50,1,B
13:59:27,2058.50,1,B
13:59:27,2058.50,17,B
13:59:27,2058.60,1,B
13:59:27,2058.60,16,B
13:59:27,2058.70,1,B
13:59:27,2058.80,1,B
13:59:27,2058.80,8,B
13:59:27,2059.00,1,B
13:59:27,2059.10,1,B
13:59:26,2059.00,1,B
13:59:25,2059.00,1,B
13:59:25,2059.00,3,B
13:59:25,2059.10,1,B
13:59:24,2059.20,6,M
13:59:24,2059.20,1,M
13:59:24,2059.00,2,B
13:59:24,2059.00,1,B
13:59:24,2059.20,1,M
13:59:24,2059.20,12,B
13:59:24,2059.30,1,M
13:59:23,2059.20,1,B
13:59:22,2059.30,1,M
13:59:22,2059.30,2,M
13:59:22,2059.20,5,B
13:59:22,2059.20,1,B
13:59:22,2059.20,1,M
13:59:20,2059.20,1,B
13:59:20,2059.20,4,M
13:59:20,2059.20,5,M
13:59:20,2059.10,1,M
13:59:19,2059.00,2,B
13:59:19,2059.00,1,B
13:59:19,2059.00,1,B
13:59:19,2058.80,1,B
13:59:18,2058.80,1,B
13:59:17,2058.80,1,B
13:59:17,2059.00,1,B
13:59:17,2059.00,1,B
13:59:16,2059.10,2,M
13:59:15,2058.70,1,B
13:59:15,2058.80,18,M
13:59:15,2058.80,2,B
13:59:15,2058.80,2,B
13:59:15,2058.80,1,B
13:59:14,2059.20,2,M
13:59:14,2059.40,1,M
13:59:14,2058.60,4,B
13:59:14,2058.70,8,B
13:59:14,2058.80,7,B
13:59:14,2058.90,1,B
13:59:14,2058.90,2,B
13:59:14,2059.00,2,B
13:59:14,2059.00,1,B
13:59:14,2059.00,1,B
13:59:14,2059.00,1,B
13:59:14,2059.00,1,B
13:59:14,2059.00,2,B
13:59:14,2059.00,2,B
13:59:14,2059.00,4,B
13:59:14,2059.00,4,B
13:59:14,2059.00,2,B
13:59:14,2059.10,28,B
13:59:14,2059.40,5,M
13:59:13,2059.10,1,B
13:59:13,2059.10,1,B
13:59:13,2059.10,1,B
13:59:13,2059.10,3,B
13:59:12,2059.10,3,B
13:59:12,2059.10,1,B
13:59:12,2059.10,1,B
13:59:12,2059.10,2,B
13:59:12,2059.10,1,B
13:59:12,2059.10,1,B
13:59:11,2059.10,1,B
13:59:11,2059.20,1,B
13:59:11,2059.20,1,B
13:59:11,2059.70,1,M
13:59:11,2059.70,1,M
13:59:11,2059.70,1,M
13:59:11,2059.70,1,M
13:59:11,2059.60,1,M
13:59:11,2059.60,2,M
13:59:11,2059.60,3,M
13:59:11,2059.60,1,M
13:59:10,2059.20,1,B
13:59:10,2059.60,1,M
13:59:10,2059.60,1,M
13:59:10,2059.30,1,M
13:59:10,2059.20,1,M
13:59:10,2059.70,5,M
13:59:10,2059.70,1,M
13:59:10,2059.60,1,M
13:59:10,2059.50,2,M
13:59:09,2059.00,1,B
13:59:09,2059.60,2,M
13:59:09,2059.60,1,M
13:59:09,2059.60,3,M
13:59:09,2059.60,1,M
13:59:09,2059.60,1,M
13:59:09,2059.60,1,M
13:59:09,2059.60,1,M
13:59:09,2059.50,1,M
13:59:09,2059.50,1,M
13:59:09,2059.50,1,M
13:59:09,2059.50,1,M
13:59:09,2059.50,1,M
13:59:09,2059.50,1,M
13:59:09,2059.50,3,M
13:59:09,2059.40,1,M
13:59:09,2059.40,2,M
13:59:09,2059.40,2,M
13:59:09,2059.40,2,M
13:59:09,2059.40,1,M
13:59:09,2059.40,1,M
13:59:09,2059.30,4,M
13:59:09,2059.30,1,M
13:59:09,2059.00,2,B
13:59:09,2059.20,15,M
13:59:09,2059.00,1,B
13:59:09,2059.00,1,B
13:59:08,2059.20,3,M
13:59:08,2059.00,3,B
13:59:08,2059.00,1,B
13:59:07,2059.00,1,B
13:59:07,2059.20,2,M
13:59:07,2059.00,1,M
13:59:07,2059.00,5,M
13:59:07,2059.00,1,M
13:59:07,2059.00,1,B
13:59:07,2059.00,15,B
13:59:07,2059.00,1,B
13:59:07,2059.00,1,B
13:59:07,2059.00,1,B
13:59:07,2059.40,7,M
13:59:07,2059.40,1,M
13:59:07,2059.40,3,M
13:59:07,2059.40,2,M
13:59:07,2059.40,16,M
13:59:07,2059.30,2,M
13:59:07,2059.30,2,M
13:59:07,2059.30,12,M
13:59:06,2059.00,1,B
13:59:06,2059.00,1,B
13:59:06,2059.00,1,B
13:59:06,2059.00,1,B
13:59:05,2059.00,1,B
13:59:05,2059.30,3,M
13:59:05,2059.30,10,M
13:59:05,2059.40,5,M
13:59:05,2058.80,2,B
13:59:05,2058.90,1,B
13:59:05,2058.90,3,B
13:59:05,2059.00,20,B
13:59:05,2059.00,1,B
13:59:05,2059.00,3,B
13:59:04,2059.30,1,M
13:59:04,2059.30,2,M
13:59:04,2059.30,4,M
13:59:04,2059.30,1,M
13:59:03,2059.40,1,M
13:59:03,2059.40,3,M
13:59:03,2059.30,1,M
13:59:03,2059.30,4,M
13:59:03,2059.30,1,M
13:59:02,2059.30,1,B
13:59:02,2059.50,1,M
13:59:02,2059.50,1,M
13:59:02,2059.50,2,M
13:59:02,2059.50,2,M
13:59:02,2059.50,1,M
13:59:02,2059.50,5,M
13:59:02,2059.50,1,M
13:59:02,2059.50,1,M
13:59:02,2059.40,1,M
13:59:02,2059.40,1,M
13:59:02,2059.40,1,M
13:59:02,2059.40,1,M
13:59:02,2059.40,4,M
13:59:02,2059.40,1,M
13:59:02,2059.40,4,M
13:59:02,2059.30,1,M
13:59:02,2059.30,1,M
13:59:02,2059.30,1,M
13:59:02,2059.20,8,M
13:59:01,2059.20,2,M
13:59:01,2059.20,2,M
13:59:01,2059.20,2,B
13:59:01,2059.30,1,M
13:59:01,2059.30,2,M
13:59:01,2059.30,8,M
13:59:01,2059.30,10,M
13:59:01,2058.90,1,B
13:59:01,2058.90,1,B
13:59:01,2059.30,2,M
13:59:01,2059.30,1,M
13:59:00,2059.30,1,M
13:59:00,2059.20,2,M
13:59:00,2058.90,1,B
13:59:00,2059.20,1,M
13:58:59,2059.00,18,M
13:58:58,2059.40,15,M
13:58:58,2059.40,3,M
13:58:58,2059.40,1,M
13:58:58,2059.30,1,M
13:58:58,2059.30,1,M
13:58:57,2059.30,9,M
13:58:57,2059.30,1,M
13:58:57,2059.30,3,M
13:58:56,2059.30,1,M
13:58:56,2059.20,2,M
13:58:56,2059.20,2,M
13:58:56,2059.20,1,M
13:58:56,2059.30,2,M
13:58:56,2059.00,1,B
13:58:56,2059.30,1,M
13:58:56,2059.30,1,M
13:58:55,2059.40,4,M
13:58:55,2059.40,1,M
13:58:55,2059.40,1,M
13:58:55,2059.40,5,M
13:58:55,2059.30,1,M
13:58:55,2059.30,3,M
13:58:55,2059.30,1,M
13:58:55,2059.30,1,M
13:58:55,2059.20,1,M
13:58:55,2059.20,1,M
13:58:55,2059.20,3,M
13:58:55,2059.20,1,M
13:58:55,2059.20,1,M
13:58:55,2059.00,1,M
13:58:55,2059.00,2,M
13:58:55,2059.00,1,M
13:58:55,2059.00,1,M
13:58:55,2059.00,1,M
13:58:55,2059.00,1,M
13:58:55,2059.00,2,M
13:58:55,2059.00,3,M
13:58:55,2059.00,1,M
13:58:55,2059.00,1,M
13:58:55,2059.00,2,M
13:58:55,2059.00,1,M
13:58:55,2059.00,5,M
13:58:55,2059.00,1,M
13:58:55,2059.00,2,M
13:58:55,2059.00,3,M
13:58:55,2059.00,1,M
13:58:55,2059.00,1,M
13:58:55,2059.00,4,M
13:58:55,2058.90,1,M
13:58:55,2058.90,2,M
13:58:55,2058.50,1,B
13:58:54,2058.50,7,B
13:58:54,2058.90,1,M
13:58:53,2059.00,1,M
13:58:53,2059.00,1,M
13:58:53,2058.90,1,M
13:58:52,2058.40,3,B
13:58:52,2058.40,24,B
13:58:52,2058.50,1,B
13:58:52,2058.50,1,B
13:58:52,2058.50,1,B
13:58:52,2058.90,1,M
13:58:52,2059.00,4,M
13:58:52,2059.00,1,M
13:58:52,2058.90,2,M
13:58:52,2058.90,2,M
13:58:52,2058.90,1,M
13:58:52,2058.90,1,M
13:58:52,2058.90,1,M
13:58:52,2058.90,1,M
13:58:52,2058.90,1,M
13:58:52,2058.90,1,M
13:58:52,2058.90,1,M
13:58:52,2058.90,20,M
13:58:52,2058.80,2,M
13:58:52,2058.80,1,M
13:58:52,2058.80,1,M
13:58:52,2058.80,6,M
13:58:52,2058.80,2,M
13:58:52,2058.80,1,M
13:58:52,2058.80,1,M
13:58:52,2058.80,17,M
13:58:52,2058.70,5,M
13:58:52,2058.70,15,M
13:58:52,2058.70,5,M
13:58:52,2058.70,3,M
13:58:52,2058.70,1,M
13:58:52,2058.70,8,M
13:58:51,2058.60,1,B
13:58:51,2058.70,2,M
13:58:50,2058.60,2,M
13:58:50,2058.60,1,M
13:58:50,2058.60,1,M
13:58:50,2058.60,1,M
13:58:50,2058.60,3,M
13:58:50,2058.60,1,M
13:58:50,2058.40,1,B
13:58:50,2058.50,1,B
13:58:50,2058.50,1,M
13:58:50,2058.50,1,M
13:58:50,2058.50,1,M
13:58:50,2058.50,1,M
13:58:50,2058.50,1,M
13:58:50,2058.20,1,B
13:58:49,2058.40,5,M
13:58:49,2058.40,1,M
13:58:49,2058.40,90,M
13:58:49,2058.40,1,M
13:58:49,2058.40,19,M
13:58:45,2058.20,5,B
13:58:45,2058.30,8,M
13:58:45,2058.30,2,M
13:58:45,2058.30,1,M
13:58:45,2058.20,2,M
13:58:44,2058.10,1,M
13:58:42,2058.00,1,B
13:58:42,2058.00,1,B
13:58:42,2058.10,9,M
13:58:41,2058.00,1,B
13:58:39,2058.10,1,B
13:58:39,2058.20,1,B
13:58:39,2058.30,1,M
13:58:37,2058.00,16,B
13:58:37,2058.00,2,B
13:58:37,2058.20,8,M
13:58:37,2058.00,3,B
13:58:36,2058.00,1,B
13:58:33,2057.50,1,B
13:58:33,2057.60,1,B
13:58:33,2057.70,1,B
13:58:33,2057.70,1,B
13:58:33,2057.70,1,B
13:58:33,2057.70,1,B
13:58:33,2057.70,1,B
13:58:33,2057.80,1,B
13:58:33,2057.80,1,B
13:58:33,2058.00,6,B
13:58:33,2058.00,1,B
13:58:33,2058.10,9,B
13:58:33,2058.20,2,B
13:58:33,2058.20,1,B
13:58:33,2058.20,1,B
13:58:33,2058.30,2,B
13:58:31,2058.40,1,M
13:58:31,2058.20,1,B
13:58:31,2058.20,1,B
13:58:30,2058.40,5,M
13:58:29,2058.40,1,M
13:58:28,2058.30,1,M
13:58:28,2058.30,1,M
13:58:28,2058.30,1,M
13:58:27,2058.40,2,B
13:58:27,2058.40,2,B
13:58:27,2058.50,10,B
13:58:26,2058.40,1,B
13:58:26,2058.40,4,B
13:58:26,2058.40,2,B
13:58:26,2058.40,2,B
13:58:26,2058.40,1,B
13:58:26,2058.40,2,B
13:58:26,2058.40,1,B
13:58:26,2058.40,3,B
13:58:25,2058.40,2,B
13:58:25,2058.60,1,M
13:58:25,2058.50,1,M
13:58:24,2058.40,1,B
13:58:24,2058.50,5,M
13:58:23,2058.50,5,B
13:58:23,2058.50,3,M
13:58:22,2058.40,1,B
13:58:22,2058.40,1,B
13:58:22,2058.40,2,B
13:58:22,2058.40,1,B
13:58:22,2058.40,1,B
13:58:22,2058.50,2,M
13:58:22,2058.40,1,B
13:58:22,2058.50,1,M
13:58:22,2058.50,5,M
13:58:22,2058.50,1,M
13:58:22,2058.50,1,M
13:58:22,2058.50,1,M
13:58:22,2058.50,5,M
13:58:22,2058.50,1,M
13:58:22,2058.50,20,M
13:58:22,2058.50,1,M
13:58:22,2058.50,1,M
13:58:22,2058.50,1,M
13:58:22,2058.50,2,M
13:58:22,2058.50,2,M
13:58:22,2058.50,1,M
13:58:21,2058.50,1,M
13:58:21,2058.50,1,M
13:58:21,2058.50,1,M
13:58:21,2058.40,3,B
13:58:20,2058.40,2,B
13:58:20,2058.40,20,B
13:58:20,2058.40,5,B
13:58:19,2058.40,5,M
13:58:19,2058.40,1,M
13:58:19,2058.40,4,M
13:58:19,2058.40,20,M
13:58:19,2058.40,1,M
13:58:19,2058.40,5,M
13:58:18,2058.30,2,M
13:58:18,2058.30,11,M
13:58:16,2058.20,2,B
13:58:16,2058.30,1,M
13:58:16,2058.20,4,B
13:58:16,2058.20,1,B
13:58:15,2058.20,2,B
13:58:14,2058.40,1,M
13:58:14,2058.30,1,M
13:58:14,2058.30,1,M
13:58:14,2058.30,1,M
13:58:14,2058.20,20,B
13:58:14,2058.20,1,B
13:58:14,2058.20,1,B
13:58:13,2058.20,1,M
13:58:13,2058.20,1,M
13:58:13,2058.20,1,M
13:58:13,2058.20,3,M
13:58:13,2058.20,1,M
13:58:13,2058.20,5,M
13:58:13,2058.10,1,M
13:58:13,2058.10,1,M
13:58:13,2058.00,2,M
13:58:13,2057.90,2,B
13:58:13,2057.90,2,B
13:58:12,2057.90,1,M
13:58:12,2057.90,9,M
13:58:11,2057.80,1,M
13:58:11,2057.80,1,M
13:58:10,2057.90,1,B
13:58:10,2057.90,1,B
13:58:10,2057.90,1,B
13:58:10,2058.00,1,M
13:58:10,2058.00,6,M
13:58:10,2058.00,4,M
13:58:10,2058.00,1,M
13:58:09,2057.80,3,B
13:58:09,2057.80,49,M
13:58:09,2057.80,1,B
13:58:09,2058.00,1,M
13:58:08,2058.00,1,M
13:58:08,2058.00,2,M
13:58:07,2057.60,12,B
13:58:07,2057.60,1,B
13:58:07,2057.60,2,B
13:58:07,2057.60,3,B
13:58:07,2057.60,3,B
13:58:07,2057.70,1,B
13:58:07,2057.70,1,B
13:58:07,2057.80,1,B
13:58:07,2057.80,1,B
13:58:07,2057.80,1,B
13:58:07,2057.80,1,B
13:58:07,2057.90,2,B
13:58:07,2058.00,1,B
13:58:07,2058.20,3,M
13:58:06,2058.20,1,M
13:58:06,2058.20,2,M
13:58:06,2058.00,2,M
13:58:06,2058.20,1,M
13:58:06,2058.20,1,M
13:58:06,2058.10,2,M
13:58:06,2058.10,1,M
13:58:05,2057.50,2,B
13:58:05,2057.50,1,B
13:58:05,2057.60,1,B
13:58:05,2057.70,2,B
13:58:05,2057.90,1,B
13:58:05,2057.90,1,B
13:58:05,2057.90,1,B
13:58:05,2057.90,1,B
13:58:05,2057.90,1,B
13:58:05,2057.90,1,B
13:58:05,2057.90,1,B
13:58:05,2058.00,1,B
13:58:05,2058.00,1,B
13:58:05,2058.00,1,B
13:58:05,2058.00,1,B
13:58:05,2058.30,1,M
13:58:05,2058.30,2,M
13:58:05,2058.30,1,M
13:58:05,2058.30,1,M
13:58:04,2058.30,4,B
13:58:03,2058.40,1,M
13:58:03,2058.30,1,M
13:58:02,2058.00,1,B
13:58:02,2058.30,4,M
13:58:02,2058.20,1,M
13:58:02,2058.10,1,M
13:58:02,2058.10,1,M
13:58:01,2058.00,25,B
13:58:01,2058.00,25,B
13:58:01,2058.00,1,M
13:58:01,2058.00,1,M
13:58:01,2058.00,3,M
13:58:01,2058.00,25,M
13:58:01,2058.00,4,M
13:58:01,2058.00,2,M
13:58:01,2058.00,1,M
13:58:01,2058.00,4,M
13:58:01,2058.00,1,M
13:58:01,2058.00,3,M
13:58:01,2058.00,2,M
13:58:01,2058.00,15,M
13:58:00,2058.00,5,M
13:58:00,2058.00,2,M
13:58:00,2057.90,2,M
13:58:00,2057.90,5,B
13:58:00,2057.90,2,B
13:58:00,2057.90,1,B
13:58:00,2057.90,2,B
13:58:00,2057.90,2,M
13:58:00,2057.90,1,M
13:58:00,2057.90,2,M
13:58:00,2057.90,9,M
13:58:00,2057.70,2,M
13:58:00,2057.90,1,M
13:58:00,2057.50,3,B
13:58:00,2057.90,1,M
13:57:59,2057.90,1,M
13:57:59,2057.70,1,B
13:57:57,2057.80,1,M
13:57:57,2057.70,1,B
13:57:57,2057.80,1,M
13:57:57,2057.70,2,B
13:57:57,2057.70,1,B
13:57:56,2057.70,1,B
13:57:56,2057.70,3,B
13:57:56,2057.70,1,B
13:57:55,2057.70,1,B
13:57:55,2057.70,1,M
13:57:55,2057.70,1,M
13:57:55,2057.60,3,M
13:57:54,2057.30,2,B
13:57:54,2057.40,1,B
13:57:54,2057.40,1,B
13:57:54,2057.40,5,B
13:57:54,2057.40,1,B
13:57:53,2057.40,1,B
13:57:53,2057.70,3,M
13:57:53,2057.70,2,M
13:57:53,2057.70,1,M
13:57:52,2057.40,3,B
13:57:52,2057.60,1,M
13:57:52,2057.60,12,M
13:57:52,2057.60,1,M
13:57:51,2057.60,1,M
13:57:48,2057.30,2,B
13:57:48,2057.30,1,B
13:57:48,2057.30,1,B
13:57:48,2057.60,18,M
13:57:48,2057.60,22,M
13:57:48,2057.50,10,M
13:57:46,2057.60,1,M
13:57:45,2057.60,5,M
13:57:45,2057.60,2,B
13:57:44,2057.60,9,B
13:57:44,2057.70,5,M
13:57:44,2057.60,1,B
13:57:42,2057.70,2,M
13:57:42,2057.60,1,B
13:57:41,2057.60,1,B
13:57:41,2057.60,11,B
13:57:41,2057.60,2,B
13:57:41,2057.60,1,B
13:57:41,2057.60,2,M
13:57:41,2057.60,1,M
13:57:41,2057.60,1,M
13:57:41,2057.60,1,M
13:57:41,2057.60,2,M
13:57:41,2057.60,10,M
13:57:41,2057.50,1,M
13:57:41,2057.50,1,M
13:57:41,2057.50,3,M
13:57:40,2057.30,1,B
13:57:40,2057.30,2,B
13:57:40,2057.50,1,M
13:57:39,2057.50,1,M
13:57:39,2057.30,1,B
13:57:39,2057.30,3,B
13:57:38,2057.20,5,B
13:57:38,2057.30,1,B
13:57:37,2057.50,3,M
13:57:37,2057.50,1,M
13:57:37,2057.50,2,M
13:57:37,2057.50,1,M
13:57:37,2057.50,2,M
13:57:37,2057.50,1,M
13:57:37,2057.40,1,M
13:57:37,2057.40,8,M
13:57:37,2057.30,1,B
13:57:37,2057.30,1,B
13:57:37,2057.30,20,M
13:57:37,2057.30,1,M
13:57:37,2057.30,5,M
13:57:37,2057.30,4,M
13:57:37,2057.30,17,M
13:57:36,2057.20,2,B
13:57:36,2057.20,1,B
13:57:36,2057.20,1,B
13:57:36,2057.20,8,M
13:57:36,2057.20,5,M
13:57:36,2057.20,15,M
13:57:36,2057.20,10,M
13:57:36,2057.10,1,B
13:57:35,2057.10,2,B
13:57:35,2057.20,1,M
13:57:35,2057.20,1,B
13:57:35,2057.20,1,B
13:57:35,2057.20,20,B
13:57:35,2057.20,1,B
13:57:34,2057.20,1,B
13:57:34,2057.20,1,B
13:57:33,2057.30,1,M
13:57:33,2057.20,1,B
13:57:33,2057.20,1,B
13:57:33,2057.20,1,B
13:57:33,2057.20,1,B
13:57:33,2057.20,1,B
13:57:33,2057.20,1,B
13:57:33,2057.20,9,B
13:57:32,2057.20,1,B
13:57:32,2057.20,5,B
13:57:32,2057.20,5,B
13:57:32,2057.10,1,M
13:57:31,2057.30,30,M
13:57:31,2057.00,1,B
13:57:31,2057.30,28,M
13:57:31,2057.30,1,M
13:57:31,2057.20,1,M
13:57:31,2057.20,1,B
13:57:31,2056.90,27,B
13:57:31,2056.90,9,B
13:57:31,2057.00,20,B
13:57:31,2057.00,4,B
13:57:31,2057.00,4,B
13:57:31,2057.20,36,B
13:57:30,2057.20,3,B
13:57:30,2057.20,3,B
13:57:30,2057.20,2,B
13:57:30,2057.20,1,M
13:57:30,2057.20,1,M
13:57:30,2057.00,4,M
13:57:30,2057.00,9,M
13:57:30,2056.90,2,B
13:57:30,2056.90,1,B
13:57:30,2057.00,2,B
13:57:30,2057.00,5,B
13:57:29,2057.00,5,B
13:57:29,2057.00,2,B
13:57:29,2057.00,2,B
13:57:29,2057.00,1,B
13:57:29,2057.00,1,B
13:57:29,2057.00,1,B
13:57:28,2057.10,2,M
13:57:28,2057.00,1,B
13:57:28,2057.00,1,B
13:57:28,2057.00,1,B
13:57:28,2056.70,2,B
13:57:28,2056.70,1,B
13:57:28,2056.70,12,B
13:57:28,2056.90,4,B
13:57:28,2056.80,5,M
13:57:28,2056.80,2,M
13:57:28,2056.90,9,M
13:57:28,2056.70,1,B
13:57:28,2056.70,1,B
13:57:28,2056.90,1,M
13:57:28,2056.70,36,B
13:57:28,2056.80,1,B
13:57:28,2056.80,21,B
13:57:28,2056.80,1,B
13:57:28,2056.80,1,B
13:57:28,2056.90,1,B
13:57:28,2056.90,1,B
13:57:28,2057.00,20,B
13:57:28,2057.00,5,B
13:57:28,2057.00,21,B
13:57:28,2057.10,2,B
13:57:27,2057.00,1,B
13:57:27,2057.00,2,B
13:57:27,2057.00,4,B
13:57:27,2056.90,1,M
13:57:27,2056.90,1,M
13:57:27,2056.90,1,B
13:57:27,2056.90,1,B
13:57:27,2056.90,1,B
13:57:26,2056.90,2,B
13:57:26,2056.90,1,B
13:57:26,2056.90,2,B
13:57:26,2056.90,4,B
13:57:26,2057.00,1,B
13:57:25,2057.00,1,B
13:57:25,2056.90,3,B
13:57:25,2057.00,1,B
13:57:25,2057.00,1,B
13:57:25,2057.00,1,B
13:57:25,2057.20,1,B
13:57:25,2057.20,2,B
13:57:25,2057.20,1,B
13:57:25,2057.50,1,B
13:57:24,2057.50,1,B
13:57:24,2057.50,9,B
13:57:24,2057.50,2,B
13:57:24,2057.50,1,B
13:57:24,2057.50,1,M
13:57:24,2057.50,5,M
13:57:24,2057.50,28,M
13:57:24,2057.40,1,M
13:57:24,2057.40,1,M
13:57:24,2057.20,10,M
13:57:24,2057.10,1,M
13:57:24,2056.90,1,M
13:57:24,2056.90,4,M
13:57:24,2056.80,1,B
13:57:24,2056.80,1,B
13:57:24,2056.80,49,B
13:57:24,2056.90,1,M
13:57:24,2056.90,24,M
13:57:24,2056.80,1,B
13:57:24,2056.90,1,M
13:57:24,2057.00,2,B
13:57:24,2057.00,1,B
13:57:24,2057.00,2,B
13:57:24,2057.00,1,B
13:57:24,2057.00,1,B
13:57:24,2057.00,3,B
13:57:24,2057.00,1,B
13:57:24,2057.00,1,B
13:57:24,2057.00,1,B
13:57:24,2057.10,1,M
13:57:24,2057.00,4,B
13:57:24,2057.00,1,B
13:57:24,2057.00,1,B
13:57:24,2057.00,2,B
13:57:24,2057.00,2,B
13:57:24,2057.10,2,M
13:57:24,2057.10,26,M
13:57:24,2057.10,2,M
13:57:23,2057.00,1,B
13:57:23,2057.00,2,B
13:57:23,2057.10,1,B
13:57:23,2057.50,2,M
13:57:23,2057.50,1,M
13:57:23,2057.50,2,M
13:57:23,2057.10,19,B
13:57:23,2057.10,6,B
13:57:23,2057.10,1,B
13:57:23,2057.10,10,B
13:57:23,2057.10,20,B
13:57:23,2057.10,1,B
13:57:23,2057.10,1,B
13:57:23,2057.20,8,M
13:57:22,2057.50,1,B
13:57:22,2057.50,1,B
13:57:22,2057.50,17,M
13:57:22,2057.10,4,B
13:57:22,2057.10,1,B
13:57:22,2057.20,1,B
13:57:22,2057.20,24,B
13:57:22,2057.50,1,M
13:57:22,2057.20,26,B
13:57:22,2057.30,1,B
13:57:22,2057.30,3,B
13:57:22,2057.50,2,M
13:57:21,2057.60,20,B
13:57:21,2057.50,20,M
13:57:21,2057.50,20,M
13:57:21,2057.30,6,B
13:57:21,2057.30,6,B
13:57:21,2057.30,1,B
13:57:21,2057.30,2,B
13:57:21,2057.40,15,B
13:57:21,2057.40,15,M
13:57:20,2057.30,3,B
13:57:20,2057.40,2,B
13:57:20,2057.40,1,B
13:57:20,2057.40,1,B
13:57:20,2057.40,1,B
13:57:20,2057.40,1,B
13:57:20,2057.50,1,B
13:57:20,2057.60,1,B
13:57:20,2057.60,1,M
13:57:20,2057.60,1,M
13:57:19,2057.60,1,M
13:57:19,2057.60,4,M
13:57:19,2057.40,3,B
13:57:18,2057.60,1,M
13:57:18,2057.40,1,B
13:57:17,2057.40,5,B
13:57:17,2057.70,3,M
13:57:17,2057.70,14,M
13:57:17,2057.40,4,B
13:57:17,2057.40,3,B
13:57:17,2057.40,1,B
13:57:17,2057.40,1,B
13:57:16,2057.40,1,B
13:57:15,2057.30,1,B
13:57:15,2057.30,1,B
13:57:15,2057.30,1,B
13:57:15,2057.30,1,B
13:57:15,2057.40,1,B
13:57:15,2057.40,1,B
13:57:14,2057.30,1,B
13:57:14,2057.30,1,B
13:57:14,2057.30,1,B
13:57:14,2057.30,1,B
13:57:14,2057.40,1,B
13:57:14,2057.40,1,B
13:57:14,2057.40,1,B
13:57:13,2057.70,1,M
13:57:12,2057.40,2,B
13:57:12,2057.40,1,B
13:57:12,2057.40,2,B
13:57:12,2057.50,1,B
13:57:12,2057.60,1,B
13:57:11,2057.70,1,M
13:57:11,2057.70,1,M
13:57:10,2057.90,1,M
13:57:10,2057.80,1,B
13:57:10,2057.90,1,M
13:57:10,2057.90,3,M
13:57:10,2057.80,1,M
13:57:10,2057.80,8,M
13:57:09,2057.80,1,M
13:57:08,2057.40,1,B
13:57:08,2057.40,2,B
13:57:08,2057.40,2,B
13:57:08,2057.40,1,B
13:57:08,2057.40,2,B
13:57:08,2057.40,8,B
13:57:08,2057.80,2,M
13:57:08,2057.80,10,M
13:57:08,2057.70,3,M
13:57:08,2057.40,2,B
13:57:08,2057.40,1,B
13:57:08,2057.70,1,B
13:57:08,2057.70,1,B
13:57:08,2057.80,1,M
13:57:08,2057.80,2,M
13:57:08,2057.70,2,M
13:57:08,2057.70,1,M
13:57:07,2057.40,1,B
13:57:07,2057.40,1,B
13:57:07,2057.60,1,B
13:57:07,2057.70,1,M
13:57:07,2057.80,1,M
13:57:06,2057.70,3,M
13:57:06,2057.50,14,M
13:57:06,2057.50,1,B
13:57:06,2057.50,10,B
13:57:06,2057.50,3,B
13:57:05,2057.60,1,B
13:57:04,2057.70,2,M
13:57:04,2057.70,2,B
13:57:04,2057.70,2,B
13:57:04,2057.80,1,M
13:57:03,2057.50,1,B
13:57:03,2057.80,2,M
13:57:03,2057.30,1,B
13:57:03,2057.70,1,B
13:57:03,2057.70,1,B
13:57:02,2057.80,2,M
13:57:02,2057.30,1,B
13:57:02,2057.80,2,M
13:57:02,2057.70,2,M
13:57:02,2057.70,1,M
13:57:02,2057.70,1,M
13:57:02,2057.60,2,M
13:57:02,2057.30,1,B
13:57:02,2057.50,1,B
13:57:01,2057.30,1,B
13:57:01,2057.30,3,B
13:57:01,2057.70,1,B
13:57:01,2057.70,1,B
13:57:01,2057.70,1,M
13:57:01,2057.60,1,M
13:57:01,2057.60,1,M
13:57:01,2057.60,1,M
13:57:01,2057.60,1,M
13:57:01,2057.60,1,M
13:57:01,2057.60,2,M
13:57:01,2057.60,1,M
13:57:01,2057.60,1,M
13:57:01,2057.60,2,M
13:57:01,2057.60,1,M
13:57:01,2057.60,1,M
13:57:01,2057.60,1,B
13:57:01,2057.60,1,B
13:57:01,2057.60,1,B
13:57:01,2057.60,1,B
13:57:01,2057.60,1,B
13:57:01,2057.60,1,B
13:57:01,2057.60,1,B
13:57:00,2057.60,1,B
13:57:00,2057.80,2,M
13:57:00,2057.70,1,M
13:57:00,2057.70,1,M
13:57:00,2057.70,1,M
13:57:00,2057.60,1,M
13:57:00,2057.20,14,B
13:57:00,2057.30,1,B
13:57:00,2057.30,1,B
13:57:00,2057.30,1,B
13:57:00,2057.30,1,B
13:57:00,2057.30,1,B
13:57:00,2057.30,1,B
13:57:00,2057.60,1,M
13:57:00,2057.30,1,B
13:56:59,2057.70,11,M
13:56:59,2057.70,1,M
13:56:59,2057.70,2,M
13:56:59,2057.60,2,M
13:56:59,2057.60,6,M
13:56:59,2057.50,2,M
13:56:59,2057.50,1,M
13:56:59,2057.30,1,M
13:56:59,2057.70,1,M
13:56:59,2057.70,1,M
13:56:59,2057.60,1,M
13:56:59,2057.60,1,M
13:56:59,2057.60,1,M
13:56:59,2057.10,1,B
13:56:59,2057.30,1,B
13:56:59,2057.20,1,M
13:56:59,2057.10,1,B
13:56:59,2057.10,1,B
13:56:59,2057.10,1,B
13:56:58,2057.20,1,B
13:56:58,2057.30,1,B
13:56:58,2057.30,1,B
13:56:58,2057.70,1,M
13:56:58,2057.30,1,B
13:56:57,2057.20,1,B
13:56:57,2057.20,6,B
13:56:57,2057.30,1,B
13:56:57,2057.20,1,B
13:56:57,2057.20,1,B
13:56:57,2057.00,6,B
13:56:57,2057.00,1,B
13:56:57,2057.00,1,B
13:56:57,2057.00,1,B
13:56:57,2057.00,1,B
13:56:57,2057.00,1,B
13:56:57,2057.00,2,B
13:56:57,2057.00,1,B
13:56:57,2057.00,1,B
13:56:57,2057.00,1,B
13:56:57,2057.00,1,B
13:56:57,2057.00,1,B
13:56:57,2057.10,1,B
13:56:57,2057.10,20,B
13:56:57,2057.10,3,B
13:56:57,2057.20,9,B
13:56:57,2057.20,2,B
13:56:57,2057.20,3,B
13:56:57,2057.20,1,B
13:56:57,2057.30,4,B
13:56:57,2057.30,6,B
13:56:57,2057.30,31,B
13:56:57,2057.30,1,B
13:56:57,2057.30,1,B
13:56:57,2057.30,1,B
13:56:57,2057.30,1,B
13:56:57,2057.30,1,B
13:56:57,2057.40,1,B
13:56:57,2057.40,1,B
13:56:57,2057.40,1,B
13:56:57,2057.40,1,B
13:56:57,2057.50,20,B
13:56:57,2057.60,13,B
13:56:57,2057.70,29,B
13:56:57,2057.90,5,M
13:56:56,2057.90,5,M
13:56:56,2057.90,1,M
13:56:56,2057.70,1,B
13:56:56,2057.50,1,B
13:56:56,2057.70,1,B
13:56:56,2057.70,1,B
13:56:56,2057.70,1,B
13:56:55,2057.50,2,B
13:56:55,2057.50,3,B
13:56:55,2057.50,2,B
13:56:55,2057.90,1,M
13:56:55,2057.50,3,B
13:56:55,2057.50,8,B
13:56:55,2057.50,1,B
13:56:55,2057.80,1,B
13:56:55,2057.80,1,B
13:56:55,2057.90,2,M
13:56:55,2057.70,1,B
13:56:54,2057.90,1,M
13:56:54,2057.80,1,M
13:56:54,2057.80,1,M
13:56:54,2057.40,1,B
13:56:54,2057.40,1,B
13:56:54,2057.50,1,B
13:56:53,2057.50,1,M
13:56:53,2057.80,1,M
13:56:53,2057.30,1,B
13:56:53,2057.90,3,M
13:56:53,2057.80,3,M
13:56:53,2057.80,2,M
13:56:53,2057.80,1,M
13:56:53,2057.80,1,M
13:56:53,2057.70,1,M
13:56:52,2057.90,5,M
13:56:52,2057.90,1,M
13:56:52,2057.90,1,M
13:56:52,2057.90,1,M
13:56:52,2057.90,1,M
13:56:52,2057.90,2,M
13:56:52,2057.80,1,M
13:56:52,2057.70,1,M
13:56:52,2057.70,1,M
13:56:52,2057.60,1,M
13:56:52,2057.10,1,B
13:56:52,2057.10,1,B
13:56:52,2057.10,1,B
13:56:52,2057.10,1,B
13:56:52,2057.10,1,B
13:56:52,2057.10,1,B
13:56:52,2057.20,1,B
13:56:52,2057.20,1,B
13:56:52,2057.60,1,M
13:56:52,2057.80,2,M
13:56:52,2057.70,5,M
13:56:52,2057.60,1,M
13:56:52,2057.00,1,B
13:56:52,2057.10,2,B
13:56:52,2057.10,1,B
13:56:52,2057.10,1,B
13:56:52,2057.10,1,B
13:56:52,2057.10,1,B
13:56:52,2057.20,1,B
13:56:52,2057.50,1,B
13:56:52,2057.50,1,B
13:56:52,2057.50,1,B
13:56:52,2057.60,1,M
13:56:52,2057.50,2,B
13:56:52,2057.50,1,B
13:56:52,2057.50,2,B
13:56:52,2057.60,1,M
13:56:52,2057.20,1,B
13:56:52,2057.20,2,B
13:56:51,2057.60,1,M
13:56:51,2057.90,1,B
13:56:51,2057.00,2,B
13:56:51,2057.00,1,B
13:56:51,2057.20,2,B
13:56:51,2057.00,1,B
13:56:51,2057.00,1,B
13:56:51,2057.00,1,B
13:56:51,2057.00,1,B
13:56:51,2057.00,1,B
13:56:51,2057.10,1,B
13:56:51,2058.50,1,M
13:56:51,2057.10,1,B
13:56:51,2057.10,1,B
13:56:51,2057.10,8,B
13:56:51,2057.10,1,B
13:56:51,2057.10,2,B
13:56:51,2057.10,1,B
13:56:51,2057.10,1,B
13:56:51,2057.10,1,B
13:56:51,2057.10,5,B
13:56:51,2057.10,1,B
13:56:51,2057.10,1,B
13:56:51,2057.10,5,B
13:56:51,2057.10,50,B
13:56:51,2057.20,2,B
13:56:51,2057.20,3,B
13:56:51,2057.20,1,B
13:56:51,2057.20,1,B
13:56:51,2057.30,1,B
13:56:51,2057.30,50,B
13:56:51,2057.30,1,B
13:56:51,2057.40,2,B
13:56:51,2057.40,1,B
13:56:51,2057.40,1,B
13:56:51,2057.40,2,B
13:56:51,2057.50,1,B
13:56:51,2057.50,1,B
13:56:51,2057.50,10,B
13:56:51,2057.50,1,B
13:56:51,2057.50,1,B
13:56:51,2057.60,1,B
13:56:51,2057.60,1,B
13:56:51,2057.60,10,B
13:56:51,2057.60,10,B
13:56:51,2057.70,1,B
13:56:51,2057.70,1,B
13:56:51,2057.80,1,B
13:56:51,2057.80,1,B
13:56:51,2057.80,3,B
13:56:51,2057.80,3,B
13:56:51,2057.90,1,B
13:56:51,2058.00,5,B
13:56:51,2058.00,50,B
13:56:51,2058.00,1,B
13:56:51,2058.00,1,B
13:56:51,2058.00,1,B
13:56:51,2058.00,5,B
13:56:51,2058.00,10,B
13:56:51,2058.00,56,B
13:56:51,2058.00,1,B
13:56:51,2058.00,10,B
13:56:51,2058.00,1,B
13:56:51,2058.00,1,B
13:56:51,2058.00,1,B
13:56:51,2058.00,4,B
13:56:51,2058.10,1,B
13:56:51,2058.10,1,B
13:56:51,2058.10,2,B
13:56:51,2058.10,1,B
13:56:51,2058.10,1,B
13:56:51,2058.10,1,B
13:56:51,2058.10,1,B
13:56:51,2058.10,1,B
13:56:51,2058.10,1,B
13:56:51,2058.10,4,B
13:56:51,2058.20,2,B
13:56:51,2058.20,1,B
13:56:51,2058.20,10,B
13:56:51,2058.20,1,B
13:56:51,2058.30,1,B
13:56:51,2058.30,5,B
13:56:51,2058.30,1,B
13:56:51,2058.30,10,B
13:56:51,2058.30,6,B
13:56:51,2058.50,1,B
13:56:51,2058.50,1,B
13:56:51,2058.50,2,B
13:56:51,2058.50,1,B
13:56:51,2058.50,8,B
13:56:51,2058.50,3,B
13:56:51,2058.50,20,B
13:56:50,2058.50,1,B
13:56:50,2058.50,17,B
13:56:50,2058.50,1,B
13:56:50,2058.50,2,B
13:56:50,2058.50,6,B
13:56:50,2058.50,1,B
13:56:50,2058.50,21,B
13:56:50,2058.50,3,B
13:56:50,2058.50,1,B
13:56:50,2058.50,5,B
13:56:49,2058.60,3,M
13:56:49,2058.50,8,B
13:56:49,2058.50,1,B
13:56:49,2058.60,2,M
13:56:49,2058.60,1,M
13:56:49,2058.50,1,B
13:56:49,2058.50,5,B
13:56:49,2058.50,1,B
13:56:48,2058.50,2,B
13:56:48,2058.50,10,B
13:56:48,2058.50,2,B
13:56:46,2058.50,2,B
13:56:45,2058.50,1,B
13:56:45,2058.50,1,B
13:56:45,2058.50,1,B
13:56:45,2058.50,1,B
13:56:44,2058.60,1,B
13:56:42,2058.50,1,B
13:56:42,2058.50,4,B
13:56:42,2058.50,2,B
13:56:41,2058.50,1,B
13:56:41,2058.50,1,B
13:56:41,2058.50,20,B
13:56:41,2058.60,1,B
13:56:40,2058.60,1,B
13:56:40,2058.60,1,B
13:56:40,2058.60,1,B
13:56:39,2058.80,3,M
13:56:39,2058.60,1,B
13:56:39,2058.60,1,B
13:56:39,2058.60,4,B
13:56:38,2058.60,1,B
13:56:38,2058.60,3,B
13:56:37,2058.90,10,M
13:56:37,2058.80,11,M
13:56:37,2058.60,6,B
13:56:37,2058.60,1,B
13:56:37,2058.60,1,B
13:56:37,2058.60,1,B
13:56:37,2058.60,32,B
13:56:37,2058.60,1,B
13:56:37,2058.80,20,B
13:56:37,2058.80,27,B
13:56:36,2058.80,6,B
13:56:36,2058.80,17,B
13:56:36,2058.80,1,B
13:56:36,2058.80,13,B
13:56:36,2058.80,5,B
13:56:36,2058.90,1,M
13:56:35,2058.90,1,M
13:56:34,2059.00,3,M
13:56:34,2058.80,1,B
13:56:34,2058.90,1,M
13:56:34,2058.90,1,M
13:56:33,2058.90,1,M
13:56:32,2058.80,1,B
13:56:31,2058.80,1,B
13:56:31,2059.00,2,M
13:56:31,2058.90,1,M
13:56:31,2058.80,1,B
13:56:31,2058.90,1,M
13:56:30,2058.80,1,B
13:56:30,2058.90,1,M
13:56:29,2058.80,1,B
13:56:29,2058.80,2,B
13:56:28,2058.80,18,B
13:56:28,2058.90,1,B
13:56:28,2058.80,1,B
13:56:28,2058.90,1,B
13:56:27,2058.90,1,B
13:56:27,2058.90,1,B
13:56:27,2058.90,4,B
13:56:26,2058.90,1,B
13:56:26,2058.90,10,B
13:56:26,2058.90,1,B
13:56:26,2058.90,1,B
13:56:25,2058.90,1,B
13:56:25,2059.10,1,M
13:56:25,2059.10,4,M
13:56:25,2059.00,4,M
13:56:25,2059.00,8,M
13:56:25,2059.00,3,M
13:56:25,2058.90,1,B
13:56:25,2058.90,1,B
13:56:25,2058.90,1,B
13:56:24,2059.00,1,M
13:56:24,2059.00,1,M
13:56:24,2059.00,1,M
13:56:24,2058.90,7,B
13:56:24,2059.10,1,M
13:56:24,2059.00,1,M
13:56:24,2058.90,1,B
13:56:23,2059.00,6,B
13:56:23,2059.00,2,B
13:56:22,2059.20,2,M
13:56:22,2059.10,1,M
13:56:22,2059.00,1,B
13:56:22,2059.00,1,M
13:56:22,2058.90,18,B
13:56:22,2058.90,1,B
13:56:22,2058.90,8,B
13:56:22,2058.90,1,B
13:56:22,2059.20,1,M
13:56:22,2059.10,1,M
13:56:22,2059.00,1,B
13:56:21,2058.90,1,B
13:56:21,2059.10,1,M
13:56:21,2059.10,4,M
13:56:21,2058.90,1,B
13:56:21,2058.90,1,B
13:56:21,2058.90,1,B
13:56:20,2058.90,1,B
13:56:20,2058.90,1,B
13:56:20,2059.10,1,M
13:56:20,2059.00,1,B
13:56:20,2059.00,1,B
13:56:20,2059.00,1,B
13:56:20,2059.00,1,B
13:56:20,2059.00,1,B
13:56:20,2059.00,4,B
13:56:20,2059.10,1,B
13:56:19,2059.00,1,B
13:56:19,2059.00,1,B
13:56:19,2059.10,1,B
13:56:19,2059.10,1,B
13:56:19,2059.10,1,B
13:56:19,2059.10,2,B
13:56:19,2059.10,3,B
13:56:19,2059.10,1,B
13:56:19,2059.10,3,B
13:56:19,2059.10,1,B
13:56:19,2059.40,3,M
13:56:19,2059.50,1,M
13:56:19,2059.50,1,M
13:56:18,2059.10,4,B
13:56:18,2059.20,4,B
13:56:18,2059.20,1,B
13:56:18,2059.10,1,B
13:56:17,2059.10,5,B
13:56:17,2059.10,15,B
13:56:17,2059.10,1,B
13:56:16,2059.10,34,B
13:56:16,2059.10,14,B
13:56:16,2059.20,2,B
13:56:16,2059.20,1,B
13:56:16,2059.20,1,B
13:56:15,2059.10,1,B
13:56:15,2059.30,2,B
13:56:15,2059.30,1,B
13:56:15,2059.30,2,B
13:56:15,2059.50,14,B
13:56:14,2059.50,10,B
13:56:14,2059.50,1,B
13:56:14,2059.50,4,B
13:56:14,2059.50,1,M
13:56:14,2059.40,2,B
13:56:14,2059.40,1,B
13:56:14,2059.50,1,M
13:56:14,2059.40,1,B
13:56:14,2059.40,1,B
13:56:14,2059.40,2,B
13:56:14,2059.40,1,B
13:56:14,2059.40,1,B
13:56:13,2059.40,1,B
13:56:13,2059.40,1,B
13:56:13,2059.40,1,B
13:56:12,2059.50,1,M
13:56:12,2059.40,1,B
13:56:12,2059.60,1,B
13:56:11,2059.40,1,B
13:56:11,2059.40,2,B
13:56:10,2059.40,1,B
13:56:10,2059.50,1,M
13:56:10,2059.50,1,M
13:56:09,2059.50,1,B
13:56:09,2059.50,1,B
13:56:08,2059.70,1,M
13:56:07,2059.50,1,B
13:56:07,2059.50,3,B
13:56:07,2059.50,1,B
13:56:06,2059.80,1,M
13:56:06,2059.90,2,M
13:56:06,2059.90,1,M
13:56:06,2059.80,1,M
13:56:06,2059.80,1,M
13:56:06,2059.80,2,M
13:56:06,2059.80,5,M
13:56:06,2059.80,8,M
13:56:06,2059.80,1,M
13:56:06,2059.50,2,B
13:56:06,2059.80,6,M
13:56:06,2059.70,1,M
13:56:06,2059.70,1,M
13:56:05,2059.50,1,B
13:56:05,2059.40,1,B
13:56:04,2059.80,1,M
13:56:04,2059.40,1,B
13:56:04,2059.80,15,M
13:56:04,2059.80,3,M
13:56:03,2059.80,2,M
13:56:02,2059.40,1,B
13:56:02,2059.60,1,B
13:56:02,2059.60,1,B
13:56:02,2059.40,1,B
13:56:01,2059.40,1,B
13:56:01,2059.40,2,B
13:56:01,2059.70,1,B
13:56:01,2059.80,1,M
13:56:01,2059.80,1,M
13:56:00,2059.70,1,M
13:56:00,2059.60,1,M
13:56:00,2059.60,1,M
13:56:00,2059.70,1,M
13:55:59,2059.40,1,M
13:55:58,2059.40,1,B
13:55:57,2059.60,1,M
13:55:57,2059.40,1,B
13:55:57,2059.60,1,M
13:55:57,2059.60,1,M
13:55:56,2059.40,5,B
13:55:56,2059.80,5,M
13:55:56,2059.80,1,M
13:55:56,2059.80,2,M
13:55:56,2059.80,1,M
13:55:56,2059.80,13,M
13:55:56,2059.80,1,M
13:55:56,2059.80,1,M
13:55:56,2059.80,1,M
13:55:56,2059.80,1,M
13:55:56,2059.80,1,M
13:55:56,2059.80,1,M
13:55:56,2059.80,2,M
13:55:56,2059.80,1,M
13:55:56,2059.70,1,M
13:55:56,2059.70,3,M
13:55:56,2059.70,1,M
13:55:56,2059.70,5,M
13:55:56,2059.70,1,M
13:55:56,2059.60,2,M
13:55:55,2059.40,1,B
13:55:55,2059.40,1,B
13:55:54,2059.70,1,M
13:55:54,2059.70,1,M
13:55:54,2059.70,3,M
13:55:54,2059.60,3,M
13:55:54,2059.60,1,M
13:55:53,2059.30,3,B
13:55:53,2059.40,2,B
13:55:53,2059.40,1,B
13:55:53,2059.50,1,B
13:55:51,2059.70,1,M
13:55:51,2059.60,2,M
13:55:51,2059.60,1,M
13:55:51,2059.60,1,M
13:55:51,2059.60,1,M
13:55:51,2059.60,1,M
13:55:51,2059.60,1,M
13:55:51,2059.60,1,M
13:55:51,2059.60,1,M
13:55:51,2059.60,1,M
13:55:51,2059.60,1,M
13:55:50,2059.30,1,B
13:55:50,2059.30,2,M
13:55:50,2059.30,1,M
13:55:49,2059.60,1,M
13:55:49,2059.50,1,M
13:55:49,2059.50,1,M
13:55:49,2059.50,1,M
13:55:49,2059.50,2,M
13:55:49,2059.50,1,M
13:55:49,2059.50,2,M
13:55:49,2059.50,1,M
13:55:49,2059.50,3,M
13:55:49,2059.50,2,M
13:55:49,2059.40,7,M
13:55:49,2059.20,1,B
13:55:49,2059.30,1,B
13:55:49,2059.30,1,B
13:55:49,2059.30,1,B
13:55:48,2059.40,6,M
13:55:48,2059.40,1,M
13:55:48,2059.40,1,M
13:55:48,2059.40,5,M
13:55:48,2059.40,1,M
13:55:48,2059.40,1,M
13:55:48,2059.40,1,M
13:55:48,2059.40,4,M
13:55:48,2059.40,1,M
13:55:48,2059.40,1,M
13:55:48,2059.40,1,M
13:55:48,2059.30,15,M
13:55:48,2059.30,1,M
13:55:48,2059.30,1,M
13:55:48,2059.30,5,M
13:55:48,2059.10,1,B
13:55:47,2059.10,2,B
13:55:47,2059.10,2,B
13:55:47,2059.10,1,M
13:55:46,2059.00,1,B
13:55:45,2059.00,1,B
13:55:45,2059.00,1,B
13:55:45,2059.00,1,B
13:55:45,2059.10,1,M
13:55:45,2059.10,1,M
13:55:45,2059.10,1,M
13:55:45,2059.10,4,M
13:55:45,2059.10,1,M
13:55:45,2059.10,7,M
13:55:45,2059.10,2,M
13:55:45,2059.10,1,M
13:55:45,2059.10,2,M
13:55:45,2059.00,1,M
13:55:45,2059.00,1,M
13:55:45,2059.00,1,M
13:55:45,2059.00,5,M
13:55:45,2059.00,1,M
13:55:45,2059.00,2,M
13:55:45,2059.00,3,M
13:55:45,2059.00,3,M
13:55:45,2059.00,4,M
13:55:43,2059.00,2,M
13:55:43,2058.90,5,B
13:55:43,2058.80,1,B
13:55:42,2058.80,3,B
13:55:42,2058.90,1,B
13:55:41,2059.00,1,M
13:55:40,2058.90,2,B
13:55:40,2059.00,1,M
13:55:40,2059.00,1,M
13:55:40,2059.00,1,M
13:55:40,2059.00,5,M
13:55:40,2059.00,3,M
13:55:40,2059.00,1,M
13:55:40,2059.00,1,M
13:55:40,2059.00,1,M
13:55:40,2058.80,1,B
13:55:40,2058.90,1,B
13:55:40,2058.90,1,M
13:55:40,2058.90,1,M
13:55:40,2058.90,3,M
13:55:40,2058.90,1,M
13:55:39,2058.90,2,M
13:55:39,2058.60,1,M
13:55:39,2058.50,2,B
13:55:38,2058.50,1,B
13:55:37,2058.50,1,B
13:55:37,2058.50,5,B
13:55:37,2058.50,5,B
13:55:37,2058.60,1,B
13:55:37,2058.60,3,B
13:55:36,2058.60,1,B
13:55:36,2058.60,10,M
13:55:36,2058.60,1,M
13:55:36,2058.60,3,M
13:55:35,2058.50,1,M
13:55:34,2058.60,1,M
13:55:34,2058.40,1,B
13:55:34,2058.40,1,B
13:55:34,2058.40,1,B
13:55:34,2058.40,1,B
13:55:33,2058.50,1,M
13:55:33,2058.40,1,B
13:55:33,2058.40,2,B
13:55:33,2058.50,2,M
13:55:33,2058.50,1,M
13:55:32,2058.40,2,B
13:55:32,2058.40,1,B
13:55:32,2058.50,1,M
13:55:32,2058.40,1,B
13:55:31,2058.40,4,B
13:55:31,2058.40,1,B
13:55:31,2058.90,16,B
13:55:31,2058.90,2,B
13:55:30,2058.90,1,M
13:55:30,2058.90,19,M
13:55:30,2058.80,1,M
13:55:30,2058.80,1,M
13:55:30,2058.50,1,M
13:55:30,2058.40,1,M
13:55:30,2058.40,1,B
13:55:30,2058.40,1,B
13:55:30,2058.50,1,M
13:55:29,2058.50,1,B
13:55:29,2058.50,2,B
13:55:29,2058.50,2,B
13:55:29,2058.50,4,B
13:55:29,2058.50,1,B
13:55:29,2058.50,2,B
13:55:29,2058.60,3,B
13:55:29,2058.60,2,B
13:55:29,2058.60,1,B
13:55:29,2058.60,1,B
13:55:29,2058.60,1,B
13:55:29,2058.60,4,B
13:55:28,2058.60,2,B
13:55:28,2058.90,1,M
13:55:28,2058.90,1,M
13:55:28,2058.60,1,B
13:55:28,2058.60,1,B
13:55:28,2058.60,1,B
13:55:28,2058.90,1,M
13:55:27,2058.60,1,B
13:55:27,2058.60,1,B
13:55:26,2058.60,3,B
13:55:26,2058.60,2,B
13:55:26,2058.60,6,B
13:55:26,2058.60,1,B
13:55:26,2058.60,2,B
13:55:26,2058.60,1,B
13:55:25,2058.60,2,B
13:55:25,2058.60,5,B
13:55:25,2058.90,10,M
13:55:25,2058.60,1,B
13:55:25,2058.90,2,M
13:55:25,2058.80,1,M
13:55:25,2058.70,7,M
13:55:25,2058.70,1,M
13:55:25,2058.60,1,B
13:55:25,2058.60,2,B
13:55:25,2058.60,1,B
13:55:24,2058.60,2,B
13:55:24,2058.60,2,B
13:55:24,2058.60,8,B
13:55:24,2058.70,2,B
13:55:24,2058.70,3,B
13:55:24,2058.70,5,B
13:55:24,2058.70,2,B
13:55:23,2058.70,1,B
13:55:23,2059.00,2,B
13:55:23,2059.00,10,B
13:55:23,2059.00,3,B
13:55:23,2059.00,1,B
13:55:23,2059.00,2,B
13:55:23,2059.00,10,B
13:55:23,2059.00,5,B
13:55:23,2059.00,2,B
13:55:23,2059.00,30,B
13:55:23,2059.10,1,M
13:55:23,2059.00,22,B
13:55:22,2059.00,3,B
13:55:22,2059.00,1,B
13:55:22,2059.00,2,B
13:55:22,2059.00,1,B
13:55:21,2059.00,3,B
13:55:21,2059.10,1,B
13:55:21,2059.10,20,B
13:55:21,2059.10,12,B
13:55:21,2059.10,1,B
13:55:21,2059.10,2,B
13:55:21,2059.10,8,B
13:55:21,2059.10,1,B
13:55:21,2059.10,1,B
13:55:21,2059.10,10,B
13:55:21,2059.30,1,B
13:55:21,2059.30,8,B
13:55:21,2059.30,1,B
13:55:21,2059.40,1,B
13:55:21,2059.40,2,B
13:55:21,2059.40,1,B
13:55:21,2059.40,10,B
13:55:21,2059.50,3,M
13:55:21,2059.50,9,M
13:55:20,2059.40,10,B
13:55:20,2059.40,1,B
13:55:20,2059.50,2,M
13:55:20,2059.40,1,B
13:55:19,2059.40,14,B
13:55:19,2059.40,1,B
13:55:19,2059.50,1,B
13:55:18,2059.40,1,B
13:55:17,2059.40,1,B
13:55:17,2059.40,1,B
13:55:17,2059.50,6,B
13:55:17,2059.40,1,B
13:55:17,2059.40,4,B
13:55:17,2059.40,1,B
13:55:16,2059.40,1,B
13:55:15,2059.40,1,B
13:55:15,2059.50,11,B
13:55:15,2059.30,1,B
13:55:15,2059.20,1,B
13:55:14,2059.20,9,B
13:55:14,2059.20,10,B
13:55:14,2059.20,1,B
13:55:14,2059.20,1,B
13:55:14,2059.20,1,B
13:55:14,2059.20,1,B
13:55:14,2059.20,2,B
13:55:14,2059.20,1,B
13:55:14,2059.20,2,B
13:55:14,2059.20,1,B
13:55:14,2059.20,1,B
13:55:14,2059.20,1,B
13:55:14,2059.20,1,B
13:55:14,2059.30,1,B
13:55:14,2059.30,1,B
13:55:14,2059.30,1,B
13:55:14,2059.30,1,B
13:55:14,2059.30,2,B
13:55:14,2059.30,2,B
13:55:14,2059.30,1,B
13:55:14,2059.30,3,B
13:55:14,2059.40,6,B
13:55:14,2059.40,1,B
13:55:14,2059.70,1,M
13:55:14,2059.70,1,M
13:55:14,2059.40,1,B
13:55:14,2059.90,1,M
13:55:14,2059.90,2,M
13:55:14,2059.90,4,M
13:55:14,2059.90,1,M
13:55:14,2059.90,1,M
13:55:14,2059.90,2,M
13:55:14,2059.90,1,M
13:55:14,2059.90,1,M
13:55:14,2059.90,1,M
13:55:14,2059.90,4,M
13:55:14,2059.80,1,M
13:55:14,2059.80,1,M
13:55:14,2059.80,1,M
13:55:14,2059.80,1,M
13:55:14,2059.80,1,M
13:55:14,2059.80,2,M
13:55:14,2059.80,1,M
13:55:14,2059.80,5,M
13:55:14,2059.80,1,M
13:55:14,2059.80,1,M
13:55:14,2059.80,1,M
13:55:14,2059.70,1,M
13:55:14,2059.70,2,M
13:55:14,2059.70,5,M
13:55:14,2059.70,1,M
13:55:14,2059.70,1,M
13:55:14,2059.70,1,M
13:55:14,2059.50,1,M
13:55:13,2059.40,1,B
13:55:13,2059.40,1,B
13:55:13,2059.70,19,M
13:55:13,2059.60,1,M
13:55:13,2059.50,1,M
13:55:13,2059.30,1,B
13:55:12,2059.30,5,B
13:55:12,2059.40,5,B
13:55:12,2059.40,1,B
13:55:12,2059.30,1,B
13:55:12,2059.30,30,B
13:55:11,2059.70,8,M
13:55:11,2059.70,11,M
13:55:11,2059.70,3,M
13:55:11,2059.30,1,B
13:55:11,2059.30,1,B
13:55:11,2059.70,1,M
13:55:10,2059.30,1,B
13:55:10,2059.80,1,M
13:55:10,2059.80,2,M
13:55:10,2059.80,1,M
13:55:10,2059.80,1,M
13:55:10,2059.80,2,M
13:55:10,2059.70,1,M
13:55:10,2059.70,2,M
13:55:09,2059.30,1,B
13:55:09,2059.30,2,B
13:55:09,2059.80,8,M
13:55:09,2059.80,5,M
13:55:09,2059.80,1,M
13:55:09,2059.80,20,M
13:55:09,2059.80,1,M
13:55:09,2059.80,10,M
13:55:09,2059.20,1,B
13:55:09,2059.30,1,B
13:55:09,2059.80,1,M
13:55:09,2059.60,1,M
13:55:09,2059.30,1,B
13:55:08,2059.30,1,B
13:55:08,2059.70,1,M
13:55:08,2059.80,3,M
13:55:08,2059.50,1,M
13:55:08,2059.80,16,M
13:55:08,2059.80,1,M
13:55:08,2059.80,1,M
13:55:08,2059.80,1,M
13:55:08,2059.70,3,M
13:55:08,2059.70,1,M
13:55:08,2059.70,3,M
13:55:08,2059.70,1,M
13:55:08,2059.70,1,M
13:55:08,2059.70,2,M
13:55:08,2059.70,1,M
13:55:08,2059.70,2,M
13:55:08,2059.70,1,M
13:55:08,2059.70,3,M
13:55:08,2059.70,1,M
13:55:08,2059.70,3,M
13:55:08,2059.70,1,M
13:55:08,2059.70,3,M
13:55:08,2059.70,4,M
13:55:08,2059.70,1,M
13:55:08,2059.70,1,M
13:55:08,2059.70,1,M
13:55:08,2059.70,2,M
13:55:08,2059.60,1,M
13:55:08,2059.30,1,M
13:55:08,2059.20,2,B
13:55:08,2059.30,1,B
13:55:08,2059.70,1,M
13:55:08,2059.60,1,M
13:55:08,2059.60,1,M
13:55:08,2059.30,1,B
13:55:08,2059.30,1,B
13:55:08,2059.50,1,M
13:55:08,2059.30,1,B
13:55:07,2059.30,1,B
13:55:07,2059.70,1,M
13:55:07,2059.70,2,M
13:55:07,2059.70,3,M
13:55:07,2059.30,1,B
13:55:07,2059.70,1,M
13:55:07,2059.70,1,M
13:55:07,2059.70,1,M
13:55:07,2059.70,2,M
13:55:07,2059.60,1,M
13:55:07,2059.60,1,M
13:55:07,2059.60,1,M
13:55:07,2059.60,1,M
13:55:07,2059.60,1,M
13:55:07,2059.60,1,M
13:55:06,2059.60,1,M
13:55:06,2059.60,1,M
13:55:06,2059.60,1,M
13:55:06,2059.60,3,M
13:55:06,2059.60,1,M
13:55:06,2059.60,2,M
13:55:06,2059.60,1,M
13:55:06,2059.50,1,M
13:55:06,2059.50,5,M
13:55:06,2059.50,2,M
13:55:06,2059.50,3,M
13:55:06,2059.50,1,M
13:55:06,2059.50,1,M
13:55:06,2059.50,1,M
13:55:06,2059.40,1,M
13:55:06,2059.50,3,M
13:55:06,2059.30,1,B
13:55:06,2059.40,1,B
13:55:05,2059.30,1,B
13:55:05,2059.50,1,M
13:55:05,2059.50,3,M
13:55:05,2059.30,1,B
13:55:04,2059.30,1,B
13:55:04,2059.50,1,M
13:55:04,2059.30,1,B
13:55:04,2059.30,1,B
13:55:04,2059.50,1,M
13:55:04,2059.50,1,M
13:55:04,2059.50,1,M
13:55:04,2059.50,1,M
13:55:04,2059.50,1,M
13:55:04,2059.50,1,M
13:55:04,2059.50,1,M
13:55:04,2059.50,2,M
13:55:04,2059.50,2,M
13:55:04,2059.50,1,M
13:55:04,2059.50,1,M
13:55:04,2059.50,1,M
13:55:04,2059.50,1,M
13:55:04,2059.50,1,M
13:55:04,2059.30,1,B
13:55:04,2059.50,1,M
13:55:04,2059.50,3,M
13:55:04,2059.30,2,B
13:55:04,2059.30,1,B
13:55:04,2059.30,2,B
13:55:04,2059.30,2,B
13:55:04,2059.30,2,B
13:55:04,2059.30,1,B
13:55:04,2059.30,1,B
13:55:03,2059.50,3,M
13:55:03,2059.40,4,M
13:55:03,2059.40,1,M
13:55:03,2059.40,1,M
13:55:03,2059.30,1,B
13:55:03,2059.30,1,B
13:55:03,2059.30,1,B
13:55:03,2059.30,1,B
13:55:03,2059.30,1,B
13:55:02,2059.30,5,B
13:55:02,2059.30,1,B
13:55:02,2059.30,1,B
13:55:02,2059.30,1,B
13:55:02,2059.30,1,B
13:55:02,2059.30,1,B
13:55:02,2059.30,1,B
13:55:02,2059.30,1,B
13:55:02,2059.40,1,B
13:55:02,2059.40,3,B
13:55:02,2059.40,4,B
13:55:02,2059.40,1,B
13:55:02,2059.40,1,B
13:55:02,2059.40,1,B
13:55:02,2059.40,1,B
13:55:02,2059.40,1,M
13:55:02,2059.40,1,M
13:55:02,2059.40,3,M
13:55:02,2059.40,1,M
13:55:02,2059.40,2,M
13:55:02,2059.30,2,B
13:55:01,2059.40,1,M
13:55:01,2059.30,1,B
13:55:01,2059.40,1,M
13:55:01,2059.30,1,B
13:55:00,2059.30,1,B
13:54:59,2059.30,1,B
13:54:59,2059.50,24,M
13:54:59,2059.50,1,M
13:54:59,2059.50,5,M
13:54:59,2059.30,1,B
13:54:59,2059.30,1,B
13:54:59,2059.50,1,M
13:54:59,2059.30,1,B
13:54:58,2059.50,3,M
13:54:58,2059.50,3,M
13:54:58,2059.50,5,M
13:54:58,2059.50,1,M
13:54:58,2059.50,2,M
13:54:58,2059.30,5,B
13:54:58,2059.30,1,B
13:54:58,2059.30,1,B
13:54:58,2059.50,1,M
13:54:58,2059.50,1,M
13:54:58,2059.50,1,M
13:54:58,2059.30,1,B
13:54:58,2059.50,4,M
13:54:58,2059.50,2,M
13:54:58,2059.50,1,M
13:54:58,2059.50,1,M
13:54:58,2059.40,1,M
13:54:58,2059.40,1,M
13:54:58,2059.40,1,M
13:54:58,2059.30,2,B
13:54:58,2059.40,1,M
13:54:58,2059.40,4,M
13:54:58,2059.30,3,B
13:54:57,2059.30,2,B
13:54:57,2059.30,1,B
13:54:57,2059.30,1,B
13:54:57,2059.40,1,M
13:54:57,2059.40,2,M
13:54:57,2059.40,5,M
13:54:57,2059.40,2,M
13:54:56,2059.30,1,B
13:54:56,2059.30,12,B
13:54:56,2059.30,11,B
13:54:56,2059.30,1,B
13:54:56,2059.30,4,B
13:54:55,2059.30,1,B
13:54:55,2059.40,2,M
13:54:55,2059.40,2,M
13:54:55,2059.40,2,M
13:54:55,2059.40,3,M
13:54:55,2059.40,3,M
13:54:55,2059.30,1,M
13:54:55,2059.30,1,M
13:54:55,2059.30,1,M
13:54:55,2059.30,14,M
13:54:55,2059.30,2,M
13:54:55,2059.20,7,M
13:54:54,2059.10,1,M
13:54:54,2059.00,30,B
13:54:54,2059.10,4,B
13:54:54,2059.10,6,B
13:54:54,2059.10,10,B
13:54:54,2059.10,8,B
13:54:54,2059.20,1,B
13:54:54,2059.20,1,B
13:54:54,2059.30,4,M
13:54:53,2059.20,2,B
13:54:53,2059.30,2,M
13:54:53,2059.30,2,M
13:54:53,2059.30,4,B
13:54:53,2059.40,1,M
13:54:52,2059.30,1,B
13:54:51,2059.30,9,B
13:54:51,2059.40,1,M
13:54:51,2059.40,1,M
13:54:51,2059.40,3,M
13:54:51,2059.10,1,B
13:54:51,2059.40,1,M
13:54:51,2059.10,1,B
13:54:51,2059.20,1,B
13:54:50,2059.10,1,B
13:54:50,2059.20,1,B
13:54:50,2059.40,2,M
13:54:50,2059.40,4,M
13:54:50,2059.40,4,M
13:54:49,2059.40,1,M
13:54:49,2059.40,1,M
13:54:49,2059.20,1,M
13:54:49,2059.20,1,M
13:54:49,2059.40,1,M
13:54:49,2059.40,1,M
13:54:49,2059.10,1,M
13:54:49,2059.30,1,M
13:54:49,2059.30,1,M
13:54:49,2059.30,2,M
13:54:48,2059.00,1,B
13:54:48,2059.30,1,M
13:54:48,2059.20,1,M
13:54:48,2059.20,2,M
13:54:48,2059.30,1,M
13:54:48,2059.30,2,M
13:54:48,2059.30,1,M
13:54:48,2059.30,1,M
13:54:48,2059.30,3,M
13:54:48,2059.20,1,M
13:54:48,2059.20,1,M
13:54:48,2059.20,1,M
13:54:48,2059.20,1,M
13:54:48,2059.20,1,M
13:54:48,2059.20,1,M
13:54:48,2059.20,1,M
13:54:48,2059.20,4,M
13:54:48,2059.20,1,M
13:54:48,2059.20,1,M
13:54:48,2059.10,1,M
13:54:48,2059.10,3,M
13:54:48,2059.10,3,M
13:54:48,2059.10,3,M
13:54:48,2059.10,1,M
13:54:48,2059.10,1,M
13:54:48,2059.00,2,M
13:54:48,2059.00,2,M
13:54:48,2059.00,1,M
13:54:48,2059.00,1,M
13:54:48,2059.00,1,M
13:54:48,2059.00,5,M
13:54:48,2059.00,1,M
13:54:48,2059.00,1,M
13:54:48,2059.00,1,M
13:54:48,2059.00,1,M
13:54:48,2059.00,3,M
13:54:48,2059.00,2,M
13:54:48,2059.00,1,M
13:54:48,2059.00,1,M
13:54:48,2059.00,20,M
13:54:48,2058.70,1,B
13:54:48,2058.70,1,B
13:54:48,2059.00,1,M
13:54:48,2058.80,3,B
13:54:48,2058.80,2,B
13:54:47,2058.80,1,B
13:54:47,2058.80,3,M
13:54:47,2058.70,2,B
13:54:47,2058.80,1,M
13:54:47,2058.90,1,B
13:54:47,2058.90,1,M
13:54:47,2058.90,3,M
13:54:47,2058.90,8,M
13:54:47,2058.90,2,M
13:54:47,2058.90,1,M
13:54:47,2058.90,1,M
13:54:47,2058.90,1,M
13:54:47,2058.90,2,M
13:54:47,2058.90,1,M
13:54:47,2058.90,3,M
13:54:47,2058.80,6,M
13:54:46,2058.70,2,B
13:54:45,2058.70,1,M
13:54:44,2058.60,1,M
13:54:44,2058.60,1,M
13:54:43,2058.50,1,M
13:54:43,2058.40,3,B
13:54:43,2058.40,1,B
13:54:43,2058.60,1,M
13:54:42,2058.40,1,B
13:54:42,2058.90,5,M
13:54:42,2058.90,1,M
13:54:42,2058.90,2,M
13:54:42,2058.80,3,M
13:54:42,2058.80,30,M
13:54:42,2058.80,3,M
13:54:42,2058.80,2,M
13:54:42,2058.80,4,M
13:54:42,2058.80,25,M
13:54:42,2058.70,9,M
13:54:42,2058.70,1,M
13:54:42,2058.70,15,M
13:54:42,2058.20,1,B
13:54:42,2058.30,1,B
13:54:42,2058.70,1,M
13:54:40,2058.40,1,B
13:54:40,2058.40,1,B
13:54:40,2058.80,1,M
13:54:39,2058.70,9,B
13:54:38,2058.70,1,M
13:54:38,2058.40,6,B
13:54:38,2058.40,2,B
13:54:37,2058.40,1,B
13:54:37,2058.40,3,B
13:54:37,2058.40,7,B
13:54:36,2058.70,1,M
13:54:35,2058.40,1,B
13:54:34,2058.40,1,B
13:54:34,2058.50,1,M
13:54:34,2058.40,1,B
13:54:34,2058.40,6,B
13:54:34,2058.80,1,M
13:54:33,2058.80,5,M
13:54:33,2058.80,1,M
13:54:33,2058.80,1,M
13:54:33,2058.70,4,M
13:54:33,2058.70,1,M
13:54:33,2058.60,1,M
13:54:33,2058.60,1,M
13:54:33,2058.60,1,M
13:54:33,2058.60,1,M
13:54:33,2058.60,3,M
13:54:33,2058.50,9,M
13:54:33,2058.40,20,M
13:54:33,2058.40,1,M
13:54:33,2058.20,1,B
13:54:33,2058.20,2,B
13:54:32,2058.20,2,B
13:54:32,2058.40,1,M
13:54:32,2058.30,1,M
13:54:31,2058.20,3,B
13:54:31,2058.20,1,B
13:54:31,2058.20,1,M
13:54:31,2058.20,2,M
13:54:30,2058.20,1,B
13:54:30,2058.20,1,B
13:54:30,2058.00,1,B
13:54:30,2058.00,2,B
13:54:30,2058.10,1,B
13:54:30,2058.30,2,M
13:54:30,2058.30,1,M
13:54:30,2058.30,1,M
13:54:29,2058.10,1,B
13:54:29,2058.30,1,M
13:54:29,2058.00,17,B
13:54:29,2058.10,13,B
13:54:29,2058.10,7,B
13:54:29,2058.10,29,B
13:54:29,2058.20,2,B
13:54:29,2058.20,2,B
13:54:28,2058.20,1,B
13:54:28,2058.50,2,M
13:54:28,2058.20,2,B
13:54:28,2058.50,5,M
13:54:27,2058.50,1,M
13:54:27,2058.10,1,B
13:54:27,2058.10,1,B
13:54:27,2058.10,2,B
13:54:27,2058.10,1,B
13:54:27,2058.20,5,B
13:54:26,2058.20,4,B
13:54:26,2058.20,1,B
13:54:26,2058.20,1,B
13:54:26,2058.20,2,B
13:54:26,2058.30,1,B
13:54:26,2058.50,1,B
13:54:26,2058.60,1,B
13:54:26,2058.60,1,B
13:54:26,2058.60,1,B
13:54:26,2058.60,1,B
13:54:26,2058.60,11,B
13:54:26,2058.60,7,B
13:54:25,2058.60,5,B
13:54:25,2058.60,20,B
13:54:25,2058.60,1,B
13:54:25,2058.60,1,B
13:54:25,2058.60,1,B
13:54:24,2058.60,1,B
13:54:24,2058.60,1,B
13:54:24,2058.60,1,B
13:54:24,2058.60,10,B
13:54:24,2058.60,2,B
13:54:23,2058.90,1,M
13:54:23,2058.90,1,M
13:54:23,2058.50,3,B
13:54:23,2058.70,2,B
13:54:23,2058.90,7,M
13:54:23,2058.90,2,M
13:54:23,2058.90,10,M
13:54:23,2058.90,1,M
13:54:23,2058.90,4,M
13:54:23,2058.90,5,M
13:54:23,2058.90,1,M
13:54:22,2058.90,1,M
13:54:22,2058.90,3,M
13:54:22,2058.90,1,M
13:54:21,2058.90,2,M
13:54:21,2058.90,2,M
13:54:21,2058.90,1,B
13:54:21,2058.90,1,B
13:54:21,2058.90,1,B
13:54:21,2058.90,5,B
13:54:21,2059.00,2,B
13:54:21,2059.00,1,M
13:54:21,2059.00,1,M
13:54:21,2059.00,1,M
13:54:21,2059.00,3,M
13:54:21,2059.00,1,M
13:54:21,2059.00,1,M
13:54:21,2059.00,1,M
13:54:21,2059.00,1,M
13:54:21,2059.00,1,M
13:54:21,2059.00,1,M
13:54:21,2059.00,1,M
13:54:21,2059.00,2,M
13:54:21,2058.90,1,B
13:54:20,2058.90,20,B
13:54:20,2059.00,2,M
13:54:20,2059.00,1,M
13:54:20,2059.00,2,M
13:54:19,2058.90,10,B
13:54:19,2059.00,2,M
13:54:19,2059.00,1,M
13:54:19,2059.00,2,M
13:54:19,2059.00,1,M
13:54:19,2058.90,1,B
13:54:19,2059.00,1,M
13:54:18,2059.00,1,M
13:54:18,2059.00,2,M
13:54:18,2059.00,1,M
13:54:18,2059.00,2,M
13:54:18,2059.00,1,M
13:54:18,2059.00,3,M
13:54:18,2059.00,2,M
13:54:18,2059.00,1,M
13:54:18,2059.00,1,M
13:54:18,2059.00,4,M
13:54:18,2059.00,1,M
13:54:18,2059.00,1,M
13:54:18,2059.00,1,M
13:54:18,2059.00,1,M
13:54:18,2058.90,1,B
13:54:17,2059.00,1,M
13:54:17,2059.00,4,M
13:54:17,2059.00,1,M
13:54:17,2059.00,1,M
13:54:17,2059.00,5,M
13:54:17,2059.00,1,M
13:54:17,2058.90,2,B
13:54:16,2059.00,1,M
13:54:16,2059.00,6,M
13:54:16,2059.00,2,M
13:54:16,2058.90,1,B
13:54:16,2058.90,1,B
13:54:16,2059.00,1,M
13:54:16,2059.00,1,M
13:54:16,2058.90,1,B
13:54:16,2059.00,3,M
13:54:15,2059.00,1,M
13:54:15,2059.00,1,M
13:54:15,2058.90,3,B
13:54:15,2059.00,2,M
13:54:15,2059.00,11,M
13:54:15,2058.90,36,M
13:54:15,2059.00,2,M
13:54:14,2059.00,7,M
13:54:14,2059.00,1,M
13:54:14,2059.00,3,M
13:54:14,2059.00,1,M
13:54:14,2059.00,3,M
13:54:14,2059.00,3,M
13:54:14,2059.00,10,M
13:54:14,2059.00,7,M
13:54:14,2059.00,1,M
13:54:14,2059.00,1,M
13:54:14,2059.00,1,M
13:54:14,2059.00,1,M
13:54:14,2059.00,1,M
13:54:14,2059.00,1,M
13:54:14,2059.00,1,M
13:54:14,2059.00,1,M
13:54:14,2059.00,1,M
13:54:14,2058.90,2,B
13:54:14,2059.00,1,M
13:54:14,2059.00,2,M
13:54:14,2059.00,2,M
13:54:14,2059.00,1,M
13:54:14,2059.00,1,M
13:54:14,2059.00,1,M
13:54:14,2059.00,2,M
13:54:13,2059.00,1,M
13:54:13,2059.00,1,M
13:54:13,2058.90,3,M
13:54:13,2058.90,1,B
13:54:13,2058.90,9,B
13:54:13,2059.00,1,M
13:54:13,2059.00,1,M
13:54:13,2059.00,1,M
13:54:13,2059.00,1,M
13:54:13,2059.00,13,M
13:54:13,2059.00,1,M
13:54:13,2059.00,33,M
13:54:13,2059.00,3,M
13:54:13,2059.00,10,M
13:54:13,2059.00,1,M
13:54:13,2059.00,1,M
13:54:13,2059.00,1,M
13:54:13,2059.00,1,M
13:54:13,2059.00,3,M
13:54:13,2059.00,2,M
13:54:12,2059.00,1,M
13:54:12,2059.00,1,M
13:54:12,2059.00,1,M
13:54:12,2059.00,3,M
13:54:12,2059.00,6,M
13:54:12,2059.00,15,M
13:54:12,2059.00,10,M
13:54:12,2059.00,2,M
13:54:12,2058.70,2,M
13:54:12,2058.70,1,M
13:54:12,2058.70,4,M
13:54:12,2058.70,1,M
13:54:12,2058.70,1,M
13:54:12,2058.70,2,M
13:54:11,2059.00,2,M
13:54:11,2059.00,1,M
13:54:11,2059.00,1,M
13:54:11,2059.00,1,M
13:54:11,2059.00,2,M
13:54:11,2059.00,3,M
13:54:11,2058.70,1,M
13:54:11,2059.00,2,M
13:54:11,2059.00,2,M
13:54:11,2059.00,1,M
13:54:11,2058.90,1,M
13:54:11,2058.90,2,M
13:54:11,2058.90,8,M
13:54:11,2058.90,1,M
13:54:11,2058.90,3,M
13:54:11,2058.90,1,M
13:54:11,2058.90,1,M
13:54:11,2058.90,3,M
13:54:11,2058.90,1,M
13:54:11,2058.90,1,M
13:54:11,2058.90,1,M
13:54:11,2058.90,1,M
13:54:11,2058.90,2,M
13:54:11,2058.90,1,M
13:54:11,2058.90,1,M
13:54:11,2058.80,10,M
13:54:11,2058.80,1,M
13:54:11,2058.80,2,M
13:54:11,2058.80,1,M
13:54:11,2058.80,5,M
13:54:11,2058.80,1,M
13:54:11,2058.80,1,M
13:54:11,2058.80,5,M
13:54:11,2058.80,1,M
13:54:11,2058.80,3,M
13:54:11,2058.80,3,M
13:54:11,2058.80,1,M
13:54:11,2058.80,1,M
13:54:11,2058.80,1,M
13:54:11,2058.80,1,M
13:54:11,2058.80,4,M
13:54:11,2058.80,10,M
13:54:11,2058.80,2,M
13:54:11,2058.80,1,M
13:54:11,2058.80,6,M
13:54:11,2058.80,17,M
13:54:11,2058.80,1,M
13:54:11,2058.50,1,B
13:54:11,2058.80,2,M
13:54:10,2058.60,3,B
13:54:10,2058.70,1,M
13:54:10,2058.70,1,M
13:54:10,2058.70,1,M
13:54:09,2058.70,2,M
13:54:09,2058.70,3,M
13:54:09,2058.70,2,M
13:54:09,2058.60,1,B
13:54:09,2058.70,3,M
13:54:09,2058.70,1,M
13:54:09,2058.70,1,M
13:54:09,2058.70,1,M
13:54:09,2058.70,3,M
13:54:09,2058.70,2,M
13:54:09,2058.70,1,M
13:54:09,2058.70,1,M
13:54:09,2058.70,1,M
13:54:09,2058.60,1,B
13:54:09,2058.70,9,M
13:54:08,2058.60,1,B
13:54:08,2058.60,1,B
13:54:08,2058.60,2,M
13:54:08,2058.60,4,M
13:54:08,2058.60,4,M
13:54:08,2058.60,2,M
13:54:08,2058.60,1,M
13:54:08,2058.60,1,M
13:54:08,2058.50,1,M
13:54:08,2058.20,3,M
13:54:08,2058.20,1,M
13:54:08,2058.20,1,M
13:54:08,2058.20,1,M
13:54:08,2058.20,1,M
13:54:08,2058.20,2,B
13:54:08,2058.20,1,B
13:54:08,2058.20,7,B
13:54:08,2058.50,3,B
13:54:08,2058.60,1,M
13:54:08,2058.60,1,M
13:54:08,2058.60,1,M
13:54:08,2058.60,2,M
13:54:08,2058.60,1,M
13:54:08,2058.60,1,M
13:54:08,2058.60,3,M
13:54:08,2058.60,5,M
13:54:08,2058.60,1,M
13:54:08,2058.50,20,B
13:54:07,2058.50,5,M
13:54:07,2058.50,3,M
13:54:07,2058.50,1,M
13:54:07,2058.50,1,M
13:54:07,2058.50,2,M
13:54:07,2058.50,10,M
13:54:07,2058.50,2,M
13:54:07,2058.50,1,M
13:54:07,2058.50,2,M
13:54:07,2058.50,1,M
13:54:07,2058.50,1,M
13:54:07,2058.50,1,M
13:54:07,2058.50,2,M
13:54:07,2058.50,2,M
13:54:07,2058.50,1,M
13:54:07,2058.50,4,M
13:54:07,2058.50,1,M
13:54:06,2058.50,2,M
13:54:06,2058.50,2,M
13:54:06,2058.50,1,M
13:54:06,2058.50,1,M
13:54:06,2058.20,1,B
13:54:06,2058.20,1,B
13:54:05,2058.50,9,M
13:54:05,2058.50,5,M
13:54:05,2058.50,1,M
13:54:05,2058.50,1,M
13:54:05,2058.50,2,M
13:54:04,2058.50,7,M
13:54:04,2058.50,2,M
13:54:04,2058.50,1,M
13:54:04,2058.20,1,B
13:54:04,2058.50,5,M
13:54:03,2058.20,1,B
13:54:03,2058.50,5,M
13:54:03,2058.50,1,M
13:54:03,2058.40,2,M
13:54:03,2058.40,1,M
13:54:03,2058.40,1,M
13:54:03,2058.40,5,M
13:54:03,2058.40,1,M
13:54:03,2058.40,10,M
13:54:03,2058.40,1,M
13:54:03,2058.40,1,M
13:54:03,2058.40,2,M
13:54:03,2058.40,4,M
13:54:03,2058.40,2,M
13:54:03,2058.40,1,M
13:54:03,2058.30,1,B
13:54:03,2058.40,3,M
13:54:03,2058.30,1,M
13:54:03,2058.30,2,M
13:54:03,2058.30,5,M
13:54:03,2058.30,3,M
13:54:02,2058.30,1,M
13:54:02,2058.30,1,M
13:54:02,2058.20,1,B
13:54:02,2058.10,4,B
13:54:02,2058.30,1,M
13:54:01,2058.10,3,B
13:54:01,2058.20,14,B
13:54:01,2058.30,1,M
13:54:01,2058.30,1,M
13:54:01,2058.30,2,M
13:54:01,2058.10,29,B
13:54:01,2058.30,1,M
13:54:01,2058.20,1,M
13:54:01,2058.20,1,M
13:54:01,2058.20,5,M
13:54:01,2058.20,1,M
13:54:01,2058.20,2,M
13:54:01,2058.20,5,M
13:54:01,2058.20,1,M
13:54:01,2058.20,1,M
13:54:00,2058.10,1,M
13:54:00,2058.10,4,M
13:54:00,2058.00,2,B
13:54:00,2058.10,1,M
13:53:59,2058.10,4,M
13:53:59,2058.00,1,B
13:53:59,2058.10,1,M
13:53:59,2058.10,1,M
13:53:58,2058.00,1,B
13:53:57,2058.20,1,M
13:53:57,2058.20,1,M
13:53:57,2058.20,1,M
13:53:57,2058.20,1,M
13:53:57,2058.00,1,M
13:53:57,2058.00,1,M
13:53:56,2058.00,1,M
13:53:56,2057.80,5,B
13:53:55,2058.00,1,M
13:53:53,2058.00,1,M
13:53:51,2057.80,1,B
13:53:51,2057.80,1,B
13:53:51,2057.80,2,B
13:53:51,2058.10,2,B
13:53:50,2058.10,1,B
13:53:50,2058.10,1,M
13:53:50,2058.10,3,M
13:53:50,2057.90,1,B
13:53:50,2058.00,2,B
13:53:50,2058.00,1,B
13:53:50,2058.00,1,B
13:53:50,2058.10,1,M
13:53:50,2058.10,1,M
13:53:49,2058.00,2,B
13:53:49,2058.00,1,B
13:53:48,2057.90,1,B
13:53:48,2057.90,5,B
13:53:48,2057.90,2,B
13:53:48,2057.90,1,B
13:53:48,2058.00,5,M
13:53:48,2058.00,1,M
13:53:48,2058.00,2,M
13:53:48,2058.00,2,M
13:53:48,2058.00,1,M
13:53:48,2058.00,5,M
13:53:48,2058.00,2,M
13:53:48,2057.90,1,M
13:53:47,2057.70,1,M
13:53:47,2057.70,1,M
13:53:47,2057.70,20,M
13:53:45,2057.60,2,B
13:53:45,2057.70,1,M
13:53:45,2057.70,1,M
13:53:44,2057.70,1,M
13:53:43,2057.70,1,M
13:53:42,2057.50,1,B
13:53:42,2057.70,2,B
13:53:42,2057.70,1,B
13:53:42,2057.70,11,B
13:53:42,2057.90,1,B
13:53:41,2058.00,1,M
13:53:41,2058.00,1,M
13:53:41,2058.00,1,M
13:53:41,2057.90,1,M
13:53:40,2057.90,1,B
13:53:38,2058.00,1,M
13:53:38,2057.70,3,B
13:53:38,2058.00,1,M
13:53:38,2058.00,1,M
13:53:38,2058.00,5,M
13:53:38,2058.00,2,M
13:53:38,2058.00,1,M
13:53:37,2057.90,1,B
13:53:37,2058.00,1,M
13:53:36,2057.90,1,B
13:53:35,2058.00,1,M
13:53:35,2057.80,1,B
13:53:34,2058.00,1,M
13:53:34,2057.70,1,B
13:53:34,2057.90,1,M
13:53:33,2057.90,1,M
13:53:32,2057.90,1,B
13:53:32,2058.00,2,B
13:53:31,2058.00,1,B
13:53:30,2058.00,2,B
13:53:30,2058.00,1,B
13:53:29,2058.00,3,B
13:53:29,2058.00,1,B
13:53:28,2057.90,2,M
13:53:28,2057.70,1,B
13:53:28,2057.80,1,B
13:53:28,2057.90,1,M
13:53:27,2058.00,1,B
13:53:27,2058.00,1,B
13:53:27,2058.00,1,B
13:53:27,2057.90,2,M
13:53:27,2058.00,1,B
13:53:27,2058.00,1,M
13:53:27,2058.00,5,M
13:53:27,2058.00,1,M
13:53:27,2058.00,1,M
13:53:27,2058.00,1,M
13:53:27,2058.00,1,M
13:53:27,2058.00,13,M
13:53:27,2058.00,1,M
13:53:26,2058.00,1,M
13:53:26,2058.00,4,M
13:53:26,2058.00,21,M
13:53:26,2057.90,4,M
13:53:26,2057.50,1,B
13:53:25,2058.00,11,M
13:53:25,2057.70,1,M
13:53:25,2057.70,4,B
13:53:24,2058.00,4,M
13:53:24,2058.00,2,M
13:53:24,2058.00,5,M
13:53:24,2058.00,1,M
13:53:24,2058.00,1,M
13:53:24,2058.00,2,M
13:53:24,2058.00,10,M
13:53:24,2058.00,2,M
13:53:24,2058.00,3,M
13:53:24,2058.00,21,M
13:53:24,2057.90,2,M
13:53:24,2057.90,3,M
13:53:24,2057.90,2,M
13:53:24,2057.90,1,M
13:53:24,2057.90,4,M
13:53:24,2057.90,7,M
13:53:24,2057.90,1,M
13:53:22,2057.60,1,B
13:53:22,2057.90,1,M
13:53:21,2057.50,2,B
13:53:21,2058.00,4,M
13:53:21,2058.00,1,M
13:53:21,2058.00,1,M
13:53:21,2058.00,1,M
13:53:21,2058.00,1,M
13:53:21,2058.00,1,M
13:53:21,2058.00,1,M
13:53:20,2057.50,1,B
13:53:19,2058.00,31,M
13:53:19,2058.00,1,M
13:53:19,2058.00,1,M
13:53:19,2058.00,1,M
13:53:19,2058.00,2,M
13:53:19,2058.00,2,M
13:53:19,2058.00,2,M
13:53:19,2058.00,3,M
13:53:19,2058.00,2,M
13:53:19,2057.90,1,M
13:53:19,2057.90,1,M
13:53:19,2057.90,1,M
13:53:19,2057.80,1,M
13:53:19,2057.70,1,M
13:53:17,2057.90,1,M
13:53:17,2057.90,1,M
13:53:17,2057.90,1,M
13:53:17,2057.70,1,M
13:53:17,2057.50,1,B
13:53:16,2057.40,1,B
13:53:16,2057.40,2,B
13:53:16,2057.40,1,B
13:53:16,2057.40,2,B
13:53:16,2057.40,1,B
13:53:15,2057.40,2,B
13:53:15,2057.50,1,B
13:53:15,2058.00,1,M
13:53:15,2058.00,1,M
13:53:15,2058.00,5,M
13:53:15,2058.00,1,M
13:53:15,2057.90,1,M
13:53:15,2057.90,20,M
13:53:15,2057.90,3,M
13:53:15,2057.90,16,M
13:53:15,2057.80,1,M
13:53:15,2057.70,1,M
13:53:14,2057.40,1,B
13:53:14,2057.40,1,B
13:53:14,2057.50,1,B
13:53:14,2057.50,1,B
13:53:12,2058.00,2,M
13:53:12,2057.90,1,M
13:53:12,2057.90,1,M
13:53:11,2057.40,1,B
13:53:11,2057.50,4,B
13:53:11,2057.50,1,B
13:53:11,2057.50,1,B
13:53:11,2057.50,1,B
13:53:11,2057.50,2,B
13:53:11,2058.00,15,M
13:53:11,2057.90,1,M
13:53:11,2057.80,25,M
13:53:11,2057.80,5,M
13:53:11,2057.70,4,M
13:53:10,2057.60,1,B
13:53:10,2057.70,1,M
13:53:09,2057.60,1,B
13:53:09,2057.90,11,M
13:53:09,2057.90,2,M
13:53:09,2057.80,10,M
13:53:09,2057.70,2,M
13:53:08,2057.60,3,B
13:53:08,2057.70,2,M
13:53:08,2057.70,1,M
13:53:08,2057.50,2,B
13:53:08,2057.50,8,B
13:53:07,2057.50,1,B
13:53:07,2057.50,1,B
13:53:06,2057.50,1,B
13:53:06,2057.50,6,B
13:53:06,2057.50,1,B
13:53:06,2057.50,1,B
13:53:05,2057.90,1,M
13:53:05,2057.90,1,M
13:53:05,2057.90,1,M
13:53:05,2057.90,9,M
13:53:05,2057.70,1,B
13:53:05,2057.50,1,B
13:53:04,2057.60,2,M
13:53:04,2057.60,2,B
13:53:04,2057.60,1,B
13:53:04,2057.90,1,M
13:53:04,2057.80,1,M
13:53:03,2057.70,5,B
13:53:02,2057.70,1,B
13:53:02,2057.90,5,M
13:53:02,2057.90,1,M
13:53:01,2057.60,1,B
13:53:01,2057.60,1,B
13:53:01,2057.80,1,B
13:53:00,2057.80,1,M
13:53:00,2057.80,9,M
13:52:59,2057.80,1,M
13:52:59,2057.70,1,B
13:52:59,2057.70,1,B
13:52:59,2057.70,11,B
13:52:59,2057.80,1,M
13:52:59,2057.80,19,B
13:52:58,2057.80,1,B
13:52:58,2057.80,17,B
13:52:58,2057.80,5,B
13:52:57,2058.00,2,M
13:52:57,2057.80,1,B
13:52:57,2058.00,1,M
13:52:56,2057.80,1,B
13:52:56,2057.80,1,B
13:52:56,2058.00,1,M
13:52:56,2058.00,2,M
13:52:56,2058.00,1,M
13:52:55,2058.00,1,M
13:52:55,2057.60,1,B
13:52:55,2058.00,2,M
13:52:55,2057.90,1,M
13:52:55,2057.80,1,M
13:52:55,2057.80,1,M
13:52:54,2057.70,7,B
13:52:54,2057.70,2,B
13:52:53,2058.00,2,M
13:52:53,2058.00,4,M
13:52:53,2057.70,1,B
13:52:53,2057.70,3,B
13:52:53,2057.80,3,B
13:52:53,2057.80,4,B
13:52:52,2058.00,2,M
13:52:52,2057.80,10,B
13:52:52,2057.80,2,B
13:52:52,2058.00,2,M
13:52:52,2058.00,2,M
13:52:51,2057.70,1,B
13:52:50,2058.00,10,B
13:52:50,2058.00,1,B
13:52:50,2058.00,1,M
13:52:50,2058.00,1,M
13:52:50,2058.00,1,M
13:52:50,2058.00,11,M
13:52:50,2057.90,1,M
13:52:50,2057.90,10,M
13:52:50,2057.70,2,B
13:52:49,2057.70,8,B
13:52:49,2057.70,2,B
13:52:49,2057.70,4,B
13:52:48,2057.70,1,B
13:52:48,2057.70,1,B
13:52:47,2057.70,1,B
13:52:47,2058.00,14,M
13:52:47,2057.90,1,M
13:52:47,2057.70,1,B
13:52:47,2057.90,1,M
13:52:46,2057.90,1,B
13:52:46,2057.70,1,B
13:52:46,2057.80,1,B
13:52:45,2058.00,10,M
13:52:45,2057.90,1,M
13:52:44,2058.10,1,M
13:52:44,2058.20,5,M
13:52:44,2058.20,1,M
13:52:44,2058.10,1,M
13:52:44,2058.10,5,M
13:52:44,2058.10,1,M
13:52:44,2058.10,1,M
13:52:44,2058.00,10,M
13:52:44,2057.90,1,M
13:52:44,2057.90,1,M
13:52:44,2058.00,4,M
13:52:44,2057.90,1,M
13:52:44,2057.70,1,B
13:52:43,2058.00,2,M
13:52:43,2058.00,16,M
13:52:43,2058.00,14,M
13:52:43,2058.10,1,M
13:52:43,2057.80,1,B
13:52:43,2057.80,1,B
13:52:42,2058.20,1,M
13:52:42,2058.20,1,M
13:52:42,2057.90,1,B
13:52:42,2057.90,1,B
13:52:42,2058.00,5,B
13:52:42,2058.00,6,B
13:52:42,2058.00,2,B
13:52:42,2058.00,1,B
13:52:42,2058.00,2,B
13:52:42,2058.00,3,B
13:52:42,2058.00,10,B
13:52:42,2058.10,1,B
13:52:42,2058.10,14,B
13:52:42,2058.10,4,B
13:52:41,2058.10,1,B
13:52:41,2058.20,1,M
13:52:41,2058.10,1,B
13:52:41,2058.10,1,M
13:52:41,2058.10,5,M
13:52:41,2058.10,4,M
13:52:41,2058.10,1,M
13:52:40,2058.10,4,M
13:52:40,2058.10,5,B
13:52:40,2058.20,1,M
13:52:40,2058.10,2,B
13:52:40,2058.30,1,M
13:52:40,2058.40,1,M
13:52:40,2058.40,1,M
13:52:40,2058.30,1,M
13:52:40,2058.30,1,M
13:52:40,2058.30,1,M
13:52:40,2058.10,1,B
13:52:39,2058.10,3,B
13:52:39,2058.10,1,B
13:52:39,2058.10,2,B
13:52:39,2058.20,1,B
13:52:39,2058.20,1,B
13:52:39,2058.30,4,B
13:52:39,2058.40,1,M
13:52:39,2058.50,1,M
13:52:39,2058.50,2,M
13:52:39,2058.30,1,B
13:52:39,2058.30,1,B
13:52:39,2058.50,1,M
13:52:38,2058.30,1,B
13:52:38,2058.50,1,M
13:52:38,2058.50,1,M
13:52:38,2058.50,1,M
13:52:38,2058.30,1,B
13:52:38,2058.30,29,B
13:52:38,2058.50,1,M
13:52:38,2058.30,3,B
13:52:38,2058.40,1,B
13:52:38,2058.50,1,M
13:52:38,2058.50,5,M
13:52:38,2058.50,3,M
13:52:38,2058.50,1,M
13:52:38,2058.50,1,M
13:52:38,2058.50,1,M
13:52:38,2058.50,1,M
13:52:38,2058.50,1,M
13:52:38,2058.50,1,M
13:52:38,2058.50,2,M
13:52:38,2058.50,2,M
13:52:38,2058.50,1,M
13:52:38,2058.50,1,M
13:52:37,2058.50,1,M
13:52:37,2058.50,1,M
13:52:37,2058.50,1,M
13:52:37,2058.50,1,M
13:52:37,2058.50,1,M
13:52:37,2058.50,1,M
13:52:37,2058.50,1,M
13:52:37,2058.50,4,M
13:52:37,2058.50,1,M
13:52:37,2058.50,2,M
13:52:37,2058.50,1,M
13:52:37,2058.50,4,M
13:52:37,2058.50,1,M
13:52:37,2058.50,1,M
13:52:37,2058.50,1,M
13:52:37,2058.50,4,M
13:52:37,2058.50,5,M
13:52:37,2058.50,1,M
13:52:37,2058.50,1,M
13:52:37,2058.50,1,M
13:52:37,2058.50,1,M
13:52:37,2058.40,1,M
13:52:37,2058.40,20,M
13:52:37,2058.40,1,M
13:52:37,2058.40,4,M
13:52:37,2058.40,1,M
13:52:37,2058.40,1,M
13:52:37,2058.40,2,M
13:52:37,2058.40,1,M
13:52:37,2058.40,3,M
13:52:37,2058.40,3,M
13:52:37,2058.40,1,M
13:52:37,2058.40,1,M
13:52:37,2058.40,1,M
13:52:37,2058.30,1,M
13:52:37,2058.30,6,M
13:52:37,2058.30,2,M
13:52:37,2058.30,1,M
13:52:37,2058.30,1,M
13:52:37,2058.30,1,M
13:52:37,2058.30,1,M
13:52:37,2058.30,2,M
13:52:37,2058.30,1,M
13:52:37,2058.30,1,M
13:52:37,2058.30,2,M
13:52:37,2058.30,3,M
13:52:37,2058.30,3,M
13:52:37,2058.30,5,M
13:52:37,2058.20,1,M
13:52:37,2058.20,2,M
13:52:37,2058.20,1,M
13:52:37,2058.20,1,M
13:52:37,2058.20,3,M
13:52:37,2058.20,6,M
13:52:37,2058.20,1,M
13:52:37,2058.20,1,M
13:52:37,2058.20,1,M
13:52:36,2058.20,1,M
13:52:36,2058.10,1,M
13:52:36,2058.10,3,M
13:52:36,2058.00,1,M
13:52:36,2058.00,1,M
13:52:36,2058.00,5,M
13:52:36,2058.00,3,M
13:52:36,2058.00,1,M
13:52:36,2058.00,1,M
13:52:36,2058.00,1,M
13:52:36,2058.00,1,M
13:52:36,2058.00,1,M
13:52:36,2058.00,1,M
13:52:36,2058.00,8,M
13:52:36,2058.00,3,M
13:52:36,2058.00,5,M
13:52:36,2058.00,3,M
13:52:36,2058.00,1,M
13:52:36,2058.00,5,M
13:52:36,2058.00,1,M
13:52:36,2058.00,1,M
13:52:36,2058.00,1,M
13:52:36,2058.00,5,M
13:52:36,2058.00,1,M
13:52:36,2058.00,1,M
13:52:36,2058.00,2,M
13:52:36,2058.00,1,M
13:52:36,2058.00,2,M
13:52:36,2058.00,1,M
13:52:36,2058.00,1,M
13:52:36,2058.00,2,M
13:52:36,2058.00,1,M
13:52:36,2058.00,1,M
13:52:36,2058.00,1,M
13:52:36,2058.00,1,M
13:52:36,2058.00,2,M
13:52:36,2058.00,1,M
13:52:36,2058.00,2,M
13:52:36,2058.00,1,M
13:52:36,2058.00,1,M
13:52:36,2058.00,1,M
13:52:36,2058.00,1,M
13:52:36,2058.00,1,M
13:52:36,2058.00,1,M
13:52:36,2058.00,4,M
13:52:36,2058.00,1,M
13:52:36,2058.00,1,M
13:52:36,2058.00,3,M
13:52:36,2058.00,22,M
13:52:36,2058.00,1,M
13:52:36,2058.00,2,M
13:52:36,2058.00,1,M
13:52:36,2058.00,2,M
13:52:36,2058.00,1,M
13:52:36,2058.00,1,M
13:52:36,2058.00,3,M
13:52:36,2058.00,5,M
13:52:36,2058.00,1,M
13:52:36,2058.00,1,M
13:52:36,2058.00,1,M
13:52:36,2058.00,2,M
13:52:36,2058.00,2,M
13:52:36,2058.00,1,M
13:52:36,2058.00,1,M
13:52:36,2058.00,4,M
13:52:36,2058.00,1,M
13:52:36,2058.00,3,M
13:52:36,2058.00,3,M
13:52:36,2058.00,1,M
13:52:36,2058.00,3,M
13:52:36,2058.00,1,M
13:52:36,2058.00,1,M
13:52:36,2058.00,1,M
13:52:36,2058.00,1,M
13:52:36,2058.00,5,M
13:52:36,2058.00,1,M
13:52:36,2057.90,1,B
13:52:36,2058.00,4,M
13:52:35,2058.00,3,M
13:52:35,2058.00,8,M
13:52:35,2058.00,4,M
13:52:35,2058.00,16,M
13:52:35,2058.00,2,M
13:52:35,2058.00,1,M
13:52:35,2058.00,1,M
13:52:35,2058.00,5,M
13:52:35,2058.00,1,M
13:52:35,2058.00,1,M
13:52:35,2058.00,1,M
13:52:35,2058.00,3,M
13:52:35,2058.00,1,M
13:52:35,2058.00,1,M
13:52:35,2058.00,1,M
13:52:35,2057.90,2,M
13:52:35,2057.90,1,M
13:52:35,2057.90,3,M
13:52:35,2057.90,1,M
13:52:35,2057.90,1,M
13:52:35,2057.90,2,M
13:52:35,2057.90,1,M
13:52:35,2057.90,1,M
13:52:35,2057.90,14,M
13:52:35,2057.90,2,M
13:52:35,2057.90,4,M
13:52:35,2057.90,1,M
13:52:35,2057.90,1,M
13:52:35,2057.90,1,M
13:52:35,2057.90,1,M
13:52:35,2057.90,1,M
13:52:35,2057.90,1,M
13:52:35,2057.90,5,M
13:52:35,2057.90,1,M
13:52:35,2057.90,1,M
13:52:35,2057.90,1,M
13:52:35,2057.90,1,M
13:52:34,2057.90,1,M
13:52:34,2057.90,2,M
13:52:34,2057.60,1,B
13:52:34,2057.70,1,B
13:52:34,2057.70,1,B
13:52:34,2057.90,3,M
13:52:34,2057.90,1,M
13:52:34,2057.90,1,M
13:52:34,2057.90,2,M
13:52:34,2057.90,1,M
13:52:34,2057.90,3,M
13:52:34,2057.90,1,M
13:52:34,2057.90,3,M
13:52:34,2057.90,3,M
13:52:34,2057.90,3,M
13:52:34,2057.90,4,M
13:52:34,2057.90,1,M
13:52:34,2057.80,9,M
13:52:34,2057.80,1,M
13:52:34,2057.80,1,M
13:52:34,2057.80,1,M
13:52:34,2057.80,1,M
13:52:34,2057.80,3,M
13:52:34,2057.80,2,M
13:52:34,2057.80,1,M
13:52:34,2057.80,1,M
13:52:34,2057.80,1,M
13:52:34,2057.80,5,M
13:52:34,2057.80,1,M
13:52:34,2057.80,4,M
13:52:34,2057.80,1,M
13:52:34,2057.80,1,M
13:52:34,2057.80,8,M
13:52:34,2057.80,2,M
13:52:34,2057.70,2,B
13:52:34,2057.70,1,B
13:52:34,2057.80,1,M
13:52:34,2057.80,1,M
13:52:34,2057.80,1,M
13:52:34,2057.80,1,M
13:52:34,2057.80,5,M
13:52:34,2057.80,2,M
13:52:33,2057.80,1,M
13:52:33,2057.80,1,M
13:52:33,2057.80,14,M
13:52:33,2057.80,1,M
13:52:33,2057.80,1,M
13:52:33,2057.80,3,M
13:52:33,2057.80,4,M
13:52:33,2057.80,4,M
13:52:33,2057.80,2,M
13:52:33,2057.80,1,M
13:52:33,2057.80,1,M
13:52:33,2057.80,1,M
13:52:33,2057.70,1,M
13:52:33,2057.70,1,M
13:52:33,2057.70,1,M
13:52:33,2057.70,2,M
13:52:33,2057.70,1,M
13:52:33,2057.70,1,M
13:52:33,2057.70,1,M
13:52:33,2057.70,1,M
13:52:33,2057.70,2,M
13:52:33,2057.70,1,M
13:52:33,2057.70,3,M
13:52:33,2057.70,10,M
13:52:33,2057.60,1,M
13:52:33,2057.60,1,M
13:52:33,2057.60,5,M
13:52:33,2057.60,10,M
13:52:33,2057.60,1,M
13:52:33,2057.60,1,M
13:52:33,2057.60,1,M
13:52:33,2057.60,1,M
13:52:33,2057.50,5,M
13:52:33,2057.50,5,M
13:52:33,2057.50,6,M
13:52:33,2057.30,1,B
13:52:33,2057.50,3,M
13:52:32,2057.50,1,M
13:52:32,2057.50,1,M
13:52:32,2057.50,1,M
13:52:32,2057.50,1,M
13:52:32,2057.50,1,M
13:52:32,2057.50,1,M
13:52:32,2057.50,10,M
13:52:32,2057.50,1,M
13:52:32,2057.50,5,M
13:52:32,2057.50,1,M
13:52:32,2057.50,1,M
13:52:32,2057.50,1,M
13:52:32,2057.50,2,M
13:52:32,2057.50,3,M
13:52:32,2057.40,1,B
13:52:32,2057.40,4,M
13:52:32,2057.40,1,M
13:52:31,2057.50,2,M
13:52:31,2057.50,2,M
13:52:31,2057.40,1,M
13:52:31,2057.40,1,M
13:52:31,2057.40,2,M
13:52:31,2057.40,4,M
13:52:31,2057.40,1,M
13:52:31,2057.40,1,M
13:52:31,2057.40,1,M
13:52:30,2057.40,1,M
13:52:30,2057.30,1,M
13:52:30,2057.20,1,B
13:52:30,2057.20,1,M
13:52:30,2057.20,2,M
13:52:30,2057.20,1,M
13:52:30,2057.20,2,M
13:52:29,2057.10,1,B
13:52:27,2057.10,2,B
13:52:25,2057.10,1,B
13:52:25,2057.20,1,B
13:52:25,2057.20,4,B
13:52:25,2057.20,3,B
13:52:21,2057.20,1,B
13:52:20,2057.20,1,B
13:52:19,2057.20,1,B
13:52:18,2057.10,1,B
13:52:18,2057.10,5,B
13:52:18,2057.10,2,B
13:52:18,2057.50,8,M
13:52:18,2057.50,1,M
13:52:18,2057.50,1,M
13:52:18,2057.50,1,M
13:52:18,2057.40,15,M
13:52:18,2057.40,1,M
13:52:18,2057.40,3,M
13:52:18,2057.10,41,B
13:52:18,2057.10,3,B
13:52:18,2057.10,6,B
13:52:17,2057.10,2,B
13:52:17,2057.40,2,M
13:52:16,2057.10,1,B
13:52:16,2057.10,1,B
13:52:16,2057.10,2,B
13:52:14,2057.10,1,B
13:52:14,2057.10,1,B
13:52:14,2057.10,1,B
13:52:14,2057.10,1,B
13:52:14,2057.10,1,B
13:52:13,2057.10,2,B
13:52:13,2057.40,1,M
13:52:13,2057.40,1,M
13:52:13,2057.40,1,M
13:52:13,2057.40,5,M
13:52:13,2057.20,1,M
13:52:13,2057.20,1,M
13:52:12,2057.10,1,B
13:52:12,2057.10,20,B
13:52:12,2057.10,2,B
13:52:11,2057.10,4,B
13:52:11,2057.10,1,B
13:52:11,2057.10,2,B
13:52:11,2057.20,1,M
13:52:10,2057.10,1,B
13:52:09,2057.10,1,B
13:52:09,2057.10,1,B
13:52:09,2057.10,5,B
13:52:09,2057.10,1,B
13:52:09,2057.10,1,B
13:52:09,2057.20,1,M
13:52:08,2057.10,2,B
13:52:08,2057.20,1,M
13:52:08,2057.10,10,B
13:52:07,2057.10,1,B
13:52:05,2057.10,1,B
13:52:05,2057.10,2,B
13:52:04,2057.10,2,B
13:52:03,2057.50,2,M
13:52:03,2057.40,2,B
13:52:02,2057.20,1,M
13:52:02,2057.10,2,B
13:52:02,2057.20,1,B
13:52:02,2057.20,7,B
13:52:02,2057.20,1,B
13:52:01,2057.20,3,B
13:52:01,2057.20,4,B
13:52:00,2057.20,1,B
13:51:59,2057.20,1,B
13:51:55,2057.10,1,B
13:51:55,2057.20,1,B
13:51:55,2057.30,2,B
13:51:55,2057.30,1,B
13:51:54,2057.20,1,B
13:51:54,2057.60,1,M
13:51:54,2057.60,1,M
13:51:54,2057.60,1,M
13:51:54,2057.50,20,M
13:51:54,2057.50,1,M
13:51:54,2057.50,2,M
13:51:54,2057.50,2,M
13:51:54,2057.50,2,M
13:51:54,2057.50,1,M
13:51:54,2057.50,2,M
13:51:54,2057.50,1,M
13:51:54,2057.50,1,M
13:51:54,2057.50,1,M
13:51:54,2057.50,1,M
13:51:54,2057.50,2,M
13:51:54,2057.50,1,M
13:51:54,2057.40,2,M
13:51:54,2057.40,1,M
13:51:54,2057.40,1,M
13:51:54,2057.40,1,M
13:51:54,2057.40,1,M
13:51:54,2057.40,5,M
13:51:54,2057.30,1,M
13:51:52,2057.30,1,M
13:51:52,2057.30,4,M
13:51:52,2057.10,1,B
13:51:51,2057.10,4,B
13:51:51,2057.10,1,B
13:51:51,2057.30,6,M
13:51:51,2057.30,1,M
13:51:51,2057.30,6,M
13:51:51,2057.30,4,M
13:51:51,2057.20,1,M
13:51:51,2057.20,5,M
13:51:51,2057.20,1,M
13:51:51,2057.20,1,M
13:51:51,2057.20,1,M
13:51:51,2057.20,1,M
13:51:51,2057.20,1,M
13:51:51,2057.20,2,M
13:51:51,2057.20,3,M
13:51:50,2057.10,1,B
13:51:50,2057.10,2,B
13:51:50,2057.20,2,M
13:51:49,2057.10,13,B
13:51:49,2057.10,2,B
13:51:49,2057.10,1,B
13:51:49,2057.10,1,B
13:51:46,2057.10,5,B
13:51:45,2057.10,1,B
13:51:45,2057.10,1,B
13:51:45,2057.20,2,M
13:51:45,2057.10,1,B
13:51:43,2057.10,1,B
13:51:42,2057.20,1,M
13:51:42,2057.20,1,M
13:51:42,2057.20,3,M
13:51:41,2057.00,1,B
13:51:41,2057.10,8,B
13:51:41,2057.10,10,B
13:51:41,2057.10,20,B
13:51:41,2057.20,1,M
13:51:41,2057.20,1,M
13:51:40,2057.10,1,B
13:51:40,2057.10,10,B
13:51:40,2057.10,1,M
13:51:39,2057.20,1,M
13:51:39,2057.20,1,M
13:51:39,2057.10,2,B
13:51:39,2057.10,1,B
13:51:39,2057.10,27,B
13:51:39,2057.10,1,B
13:51:39,2057.10,1,B
13:51:39,2057.10,4,B
13:51:39,2057.10,17,B
13:51:39,2057.10,4,B
13:51:39,2057.10,4,B
13:51:39,2057.10,1,B
13:51:39,2057.10,1,B
13:51:38,2057.10,1,B
13:51:37,2057.10,1,B
13:51:37,2057.10,1,B
13:51:36,2057.10,1,B
13:51:35,2057.10,1,B
13:51:35,2057.10,10,B
13:51:35,2057.10,5,B
13:51:34,2057.10,10,B
13:51:34,2057.10,6,M
13:51:34,2057.00,2,M
13:51:34,2057.00,6,M
13:51:34,2057.10,1,M
13:51:34,2057.10,1,M
13:51:34,2057.10,7,M
13:51:34,2057.00,1,M
13:51:34,2057.00,1,M
13:51:34,2057.00,1,M
13:51:34,2057.00,1,M
13:51:34,2057.00,10,M
13:51:34,2057.00,5,M
13:51:34,2057.00,1,M
13:51:34,2057.00,1,M
13:51:34,2057.00,5,M
13:51:34,2057.00,1,M
13:51:34,2057.00,1,M
13:51:34,2057.00,7,M
13:51:34,2056.90,1,M
13:51:34,2056.90,1,M
13:51:34,2056.90,1,M
13:51:34,2056.90,3,M
13:51:34,2056.90,1,M
13:51:34,2056.90,28,M
13:51:34,2056.80,1,M
13:51:34,2056.80,3,M
13:51:34,2056.80,6,M
13:51:34,2056.80,3,M
13:51:34,2056.80,4,M
13:51:34,2056.60,5,M
13:51:34,2056.50,3,B
13:51:33,2056.50,8,B
13:51:33,2056.70,1,M
13:51:32,2056.40,1,B
13:51:32,2056.70,2,M
13:51:32,2056.40,1,B
13:51:32,2056.60,1,B
13:51:31,2056.70,1,M
13:51:31,2056.70,1,M
13:51:31,2056.70,1,M
13:51:31,2056.60,1,M
13:51:31,2056.50,1,M
13:51:31,2056.40,1,B
13:51:31,2056.30,1,B
13:51:31,2056.30,3,B
13:51:31,2056.60,14,B
13:51:30,2056.60,5,M
13:51:30,2056.60,1,M
13:51:30,2056.30,34,B
13:51:30,2056.30,7,B
13:51:30,2056.40,5,B
13:51:30,2056.50,1,B
13:51:30,2056.50,2,B
13:51:30,2056.50,1,B
13:51:29,2056.60,20,B
13:51:29,2056.60,7,B
13:51:29,2056.70,1,M
13:51:28,2056.60,30,B
13:51:28,2056.70,1,M
13:51:28,2056.60,1,B
13:51:27,2056.70,15,B
13:51:27,2056.80,1,M
13:51:27,2056.70,1,B
13:51:27,2056.70,2,B
13:51:26,2056.70,2,B
13:51:25,2056.70,10,B
13:51:24,2056.90,1,M
13:51:23,2056.60,1,B
13:51:23,2056.70,4,M
13:51:23,2056.60,1,B
13:51:22,2056.60,10,B
13:51:22,2056.70,1,M
13:51:22,2056.70,1,B
13:51:22,2056.70,7,B
13:51:22,2056.80,1,B
13:51:21,2056.80,1,B
13:51:21,2056.80,9,B
13:51:20,2056.80,1,B
13:51:20,2056.80,1,M
13:51:20,2056.80,1,M
13:51:20,2056.70,3,B
13:51:19,2056.70,1,B
13:51:19,2056.70,9,B
13:51:19,2056.70,1,B
13:51:19,2056.70,1,B
13:51:19,2056.80,2,M
13:51:19,2056.70,1,B
13:51:18,2056.70,1,B
13:51:18,2056.80,8,M
13:51:18,2056.80,3,M
13:51:18,2056.80,9,M
13:51:16,2056.70,2,B
13:51:16,2056.70,1,B
13:51:16,2056.70,2,B
13:51:15,2056.90,2,M
13:51:15,2056.90,1,M
13:51:15,2056.70,1,B
13:51:14,2056.80,1,M
13:51:14,2056.70,3,B
13:51:14,2056.70,3,B
13:51:14,2056.70,1,B
13:51:13,2056.90,6,M
13:51:13,2056.90,2,M
13:51:13,2056.70,1,B
13:51:12,2056.90,5,M
13:51:12,2056.90,1,B
13:51:12,2056.90,1,B
13:51:12,2056.90,1,B
13:51:12,2056.90,2,B
13:51:11,2056.90,1,B
13:51:11,2056.90,1,B
13:51:11,2057.00,1,M
13:51:11,2056.90,1,B
13:51:11,2056.90,1,B
13:51:11,2056.90,1,B
13:51:10,2056.90,1,B
13:51:10,2056.90,1,M
13:51:10,2056.90,1,M
13:51:10,2056.90,1,M
13:51:10,2056.90,1,M
13:51:10,2056.90,2,M
13:51:10,2056.90,3,M
13:51:10,2056.70,1,B
13:51:10,2056.80,1,B
13:51:10,2056.80,1,B
13:51:10,2056.90,1,M
13:51:10,2056.80,1,M
13:51:10,2056.70,1,B
13:51:10,2056.70,2,B
13:51:09,2056.90,4,M
13:51:09,2056.70,1,B
13:51:09,2056.70,1,B
13:51:09,2056.70,1,B
13:51:09,2056.70,10,B
13:51:09,2056.70,1,B
13:51:09,2056.90,1,M
13:51:09,2056.80,1,M
13:51:08,2056.90,4,M
13:51:08,2056.80,1,M
13:51:08,2056.40,1,B
13:51:08,2056.90,1,M
13:51:08,2056.40,4,B
13:51:08,2056.40,1,B
13:51:08,2056.90,5,B
13:51:08,2056.90,1,B
13:51:07,2056.90,1,B
13:51:07,2056.90,1,B
13:51:07,2056.90,1,M
13:51:07,2056.80,6,M
13:51:07,2056.80,5,M
13:51:07,2056.80,1,M
13:51:07,2056.30,1,B
13:51:07,2056.30,3,B
13:51:07,2056.30,1,B
13:51:07,2056.40,4,B
13:51:07,2056.40,1,B
13:51:07,2056.40,4,B
13:51:07,2056.40,1,B
13:51:07,2056.50,1,B
13:51:07,2056.50,2,B
13:51:07,2056.50,1,B
13:51:07,2056.50,6,B
13:51:07,2056.50,5,B
13:51:07,2056.60,3,B
13:51:07,2056.70,2,B
13:51:07,2056.80,1,B
13:51:07,2056.80,2,B
13:51:07,2056.80,1,B
13:51:07,2056.80,1,B
13:51:06,2056.80,1,B
13:51:06,2057.00,8,M
13:51:06,2056.90,1,M
13:51:06,2056.90,1,M
13:51:06,2057.00,1,B
13:51:06,2057.00,2,B
13:51:06,2057.00,1,B
13:51:06,2057.00,1,B
13:51:06,2057.00,1,B
13:51:06,2057.00,4,B
13:51:06,2057.00,1,B
13:51:06,2057.00,1,B
13:51:06,2057.00,2,B
13:51:06,2057.00,3,B
13:51:06,2057.00,10,B
13:51:06,2057.00,3,B
13:51:06,2057.00,3,B
13:51:06,2057.00,2,B
13:51:06,2057.00,51,B
13:51:06,2057.00,30,B
13:51:06,2057.00,40,B
13:51:06,2057.00,25,B
13:51:06,2057.00,20,B
13:51:06,2057.10,10,B
13:51:06,2057.30,1,M
13:51:05,2057.30,1,M
13:51:05,2057.00,5,B
13:51:05,2057.00,1,B
13:51:05,2057.00,1,B
13:51:05,2057.00,1,B
13:51:05,2057.00,1,B
13:51:05,2057.00,1,B
13:51:05,2057.00,1,B
13:51:05,2057.00,1,B
13:51:05,2057.00,22,B
13:51:05,2057.00,23,B
13:51:05,2057.10,5,B
13:51:04,2057.10,5,B
13:51:04,2057.40,1,M
13:51:04,2057.00,1,B
13:51:04,2057.00,1,B
13:51:04,2057.00,1,B
13:51:04,2057.00,10,B
13:51:03,2057.40,8,M
13:51:03,2057.40,1,M
13:51:03,2057.40,10,M
13:51:03,2057.40,1,M
13:51:03,2057.40,3,M
13:51:03,2057.00,1,B
13:51:03,2057.00,10,B
13:51:03,2057.10,10,B
13:51:03,2057.10,1,B
13:51:03,2057.10,11,B
13:51:03,2057.10,1,B
13:51:03,2057.10,1,B
13:51:03,2057.10,1,B
13:51:03,2057.10,48,B
13:51:03,2057.20,3,B
13:51:03,2057.20,4,B
13:51:03,2057.30,10,B
13:51:02,2057.50,1,M
13:51:02,2057.40,1,B
13:51:02,2057.50,7,M
13:51:01,2057.50,1,M
13:51:01,2057.50,1,M
13:51:01,2057.50,1,M
13:51:01,2057.40,1,B
13:51:01,2057.50,2,M
13:51:01,2057.50,1,M
13:51:01,2057.50,1,M
13:51:00,2057.50,1,M
13:51:00,2057.50,1,M
13:51:00,2057.50,1,M
13:51:00,2057.50,1,M
13:51:00,2057.50,1,M
13:51:00,2057.50,1,M
13:51:00,2057.40,1,B
13:51:00,2057.40,1,B
13:51:00,2057.40,1,M
13:51:00,2057.40,2,M
13:51:00,2057.40,1,M
13:50:58,2057.50,1,M
13:50:58,2057.50,1,M
13:50:58,2057.20,1,B
13:50:58,2057.50,1,M
13:50:58,2057.50,1,M
13:50:58,2057.60,1,M
13:50:58,2057.60,3,M
13:50:58,2057.60,3,M
13:50:58,2057.60,1,M
13:50:58,2057.60,1,M
13:50:58,2057.60,1,M
13:50:58,2057.60,1,M
13:50:58,2057.50,1,M
13:50:58,2057.50,1,M
13:50:58,2057.50,1,M
13:50:58,2057.50,1,M
13:50:58,2057.50,1,M
13:50:58,2057.50,1,M
13:50:58,2057.50,1,M
13:50:58,2057.50,1,M
13:50:58,2057.50,1,M
13:50:58,2057.50,2,M
13:50:58,2057.50,2,M
13:50:58,2057.50,1,M
13:50:58,2057.20,1,B
13:50:58,2057.50,1,M
13:50:57,2057.50,1,M
13:50:57,2057.10,42,B
13:50:57,2057.10,2,B
13:50:57,2057.10,10,B
13:50:57,2057.10,6,B
13:50:57,2057.10,3,B
13:50:57,2057.10,4,B
13:50:57,2057.10,7,B
13:50:57,2057.20,3,B
13:50:57,2057.20,13,B
13:50:57,2057.20,2,B
13:50:57,2057.40,8,B
13:50:56,2057.50,7,M
13:50:56,2057.50,2,M
13:50:56,2057.50,1,M
13:50:56,2057.50,2,M
13:50:56,2057.50,1,M
13:50:56,2057.50,1,M
13:50:55,2057.50,9,M
13:50:55,2057.50,1,M
13:50:55,2057.50,5,M
13:50:55,2057.50,1,M
13:50:55,2057.50,2,M
13:50:55,2057.50,5,M
13:50:55,2057.50,5,M
13:50:55,2057.50,2,M
13:50:55,2057.40,1,M
13:50:55,2057.40,4,M
13:50:55,2057.40,1,M
13:50:55,2057.40,5,M
13:50:55,2057.40,1,M
13:50:55,2057.40,8,M
13:50:55,2057.40,2,M
13:50:55,2057.40,1,M
13:50:55,2057.40,1,M
13:50:55,2057.40,4,M
13:50:54,2057.20,1,B
13:50:54,2057.40,1,M
13:50:54,2057.40,1,M
13:50:54,2057.30,1,M
13:50:54,2057.30,1,M
13:50:54,2057.20,1,B
13:50:54,2057.20,1,M
13:50:54,2057.20,1,M
13:50:54,2057.20,6,M
13:50:53,2057.20,1,M
13:50:53,2057.20,1,M
13:50:52,2057.20,1,M
13:50:52,2057.10,1,B
13:50:52,2057.10,1,B
13:50:51,2057.10,1,B
13:50:51,2057.10,1,B
13:50:51,2057.10,1,B
13:50:51,2057.10,1,B
13:50:51,2057.10,1,B
13:50:50,2057.10,1,B
13:50:50,2057.10,1,B
13:50:49,2057.10,1,B
13:50:49,2057.20,2,M
13:50:49,2057.10,2,B
13:50:49,2057.10,2,B
13:50:49,2057.10,1,B
13:50:49,2057.10,1,B
13:50:48,2057.10,1,B
13:50:48,2057.10,1,B
13:50:48,2057.10,1,B
13:50:48,2057.10,1,B
13:50:48,2057.10,1,B
13:50:48,2057.10,1,B
13:50:48,2057.10,1,B
13:50:48,2057.20,1,M
13:50:48,2057.10,1,B
13:50:47,2057.30,1,M
13:50:47,2057.30,1,M
13:50:47,2057.30,1,M
13:50:47,2057.30,1,M
13:50:47,2057.20,1,M
13:50:47,2057.20,2,M
13:50:47,2057.20,1,M
13:50:47,2057.20,1,B
13:50:47,2057.20,1,B
13:50:47,2057.20,1,B
13:50:47,2057.20,1,B
13:50:46,2057.20,1,B
13:50:46,2057.20,7,B
13:50:46,2057.20,1,B
13:50:46,2057.20,2,B
13:50:46,2057.20,1,B
13:50:46,2057.20,1,B
13:50:46,2057.20,1,B
13:50:46,2057.20,1,B
13:50:46,2057.20,1,B
13:50:46,2057.20,1,B
13:50:46,2057.20,1,M
13:50:44,2057.30,2,M
13:50:44,2057.20,1,B
13:50:44,2057.20,1,B
13:50:44,2057.40,1,M
13:50:44,2057.40,1,M
13:50:43,2057.30,5,M
13:50:43,2057.30,1,M
13:50:43,2057.30,10,M
13:50:43,2057.30,1,M
13:50:43,2057.30,1,M
13:50:43,2057.30,1,M
13:50:43,2057.30,1,M
13:50:43,2057.30,1,M
13:50:43,2057.30,1,M
13:50:43,2057.30,1,M
13:50:43,2057.20,1,B
13:50:43,2057.20,1,B
13:50:42,2057.20,1,M
13:50:41,2057.30,1,M
13:50:41,2057.10,10,B
13:50:41,2057.10,1,B
13:50:41,2057.10,1,B
13:50:41,2057.10,20,B
13:50:41,2057.10,4,B
13:50:41,2057.20,4,B
13:50:41,2057.30,3,M
13:50:41,2057.30,1,M
13:50:41,2057.30,2,M
13:50:41,2057.30,3,M
13:50:41,2057.30,1,M
13:50:41,2057.30,5,M
13:50:41,2057.30,6,M
13:50:40,2057.30,10,M
13:50:40,2057.10,1,B
13:50:40,2057.30,3,M
13:50:40,2057.20,1,M
13:50:40,2057.10,5,B
13:50:40,2057.10,1,B
13:50:40,2057.10,1,B
13:50:40,2057.10,1,B
13:50:39,2057.20,1,M
13:50:39,2057.20,1,M
13:50:39,2057.20,1,M
13:50:39,2057.20,1,M
13:50:39,2057.20,1,M
13:50:39,2057.20,1,M
13:50:39,2057.20,4,M
13:50:39,2057.20,3,M
13:50:39,2057.20,9,M
13:50:39,2057.20,1,M
13:50:39,2057.20,12,M
13:50:38,2057.20,3,M
13:50:38,2057.20,1,M
13:50:38,2057.10,1,B
13:50:38,2057.20,1,M
13:50:38,2057.20,2,M
13:50:37,2057.10,2,B
13:50:37,2057.10,2,B
13:50:37,2057.10,2,B
13:50:37,2057.10,1,B
13:50:36,2057.10,1,B
13:50:36,2057.20,1,M
13:50:36,2057.10,1,B
13:50:36,2057.10,1,B
13:50:36,2057.10,1,B
13:50:36,2057.10,1,B
13:50:36,2057.30,2,M
13:50:35,2057.10,1,B
13:50:35,2057.10,1,B
13:50:35,2057.30,3,M
13:50:35,2057.00,3,B
13:50:35,2057.30,2,M
13:50:35,2057.00,8,B
13:50:35,2057.30,1,M
13:50:34,2057.30,1,M
13:50:34,2057.10,1,B
13:50:34,2057.10,1,B
13:50:34,2057.10,2,B
13:50:34,2057.10,1,B
13:50:34,2057.10,2,B
13:50:34,2057.30,2,M
13:50:34,2057.30,1,M
13:50:34,2057.10,1,B
13:50:34,2057.10,1,B
13:50:34,2057.10,2,B
13:50:34,2057.30,2,M
13:50:33,2057.10,1,B
13:50:33,2057.10,3,B
13:50:32,2057.30,2,M
13:50:32,2057.30,6,M
13:50:32,2057.10,1,B
13:50:32,2057.10,1,B
13:50:32,2057.30,1,M
13:50:32,2057.20,3,M
13:50:32,2057.20,18,M
13:50:32,2057.00,1,B
13:50:32,2057.10,1,M
13:50:32,2057.10,1,B
13:50:31,2057.00,1,B
13:50:31,2057.30,1,M
13:50:31,2057.30,2,M
13:50:31,2057.30,1,M
13:50:30,2057.30,2,M
13:50:30,2057.30,1,M
13:50:30,2057.10,2,B
13:50:30,2057.10,2,B
13:50:30,2057.10,2,B
13:50:30,2057.30,1,M
13:50:30,2057.30,1,M
13:50:30,2057.20,6,B
13:50:29,2057.20,1,B
13:50:29,2057.30,1,M
13:50:29,2057.20,1,B
13:50:29,2057.30,35,B
13:50:29,2057.30,1,B
13:50:29,2057.30,1,B
13:50:29,2057.50,1,M
13:50:29,2057.40,1,B
13:50:28,2057.40,3,B
13:50:28,2057.40,4,M
13:50:28,2057.40,1,M
13:50:28,2057.40,1,M
13:50:28,2057.30,4,B
13:50:28,2057.40,1,M
13:50:28,2057.30,23,M
13:50:28,2057.30,3,M
13:50:28,2057.30,3,M
13:50:28,2057.30,1,M
13:50:28,2057.10,1,B
13:50:28,2057.40,1,B
13:50:28,2057.40,1,M
13:50:28,2057.10,4,B
13:50:28,2057.50,1,M
13:50:28,2057.50,11,M
13:50:28,2057.50,1,M
13:50:28,2057.50,5,M
13:50:28,2057.50,1,M
13:50:28,2057.50,2,M
13:50:28,2057.50,1,M
13:50:28,2057.50,3,M
13:50:28,2057.40,2,M
13:50:28,2057.40,3,M
13:50:28,2057.20,1,M
13:50:28,2057.10,2,B
13:50:28,2057.40,1,B
13:50:28,2057.50,1,M
13:50:28,2057.50,1,M
13:50:27,2057.50,1,M
13:50:27,2057.50,1,M
13:50:27,2057.40,3,M
13:50:27,2057.50,1,M
13:50:27,2057.50,1,M
13:50:27,2057.30,1,M
13:50:27,2057.50,3,M
13:50:27,2057.50,1,M
13:50:27,2057.50,2,M
13:50:27,2057.50,1,M
13:50:27,2057.10,1,B
13:50:27,2057.20,5,B
13:50:27,2057.50,1,M
13:50:27,2057.50,1,M
13:50:27,2057.50,3,M
13:50:27,2057.50,1,M
13:50:27,2057.40,4,M
13:50:27,2057.40,10,M
13:50:27,2057.00,27,B
13:50:27,2057.10,2,B
13:50:27,2057.30,1,B
13:50:27,2057.40,10,M
13:50:27,2057.40,1,M
13:50:27,2057.40,1,M
13:50:27,2057.40,2,M
13:50:27,2057.40,1,B
13:50:27,2057.50,1,M
13:50:26,2057.50,1,M
13:50:26,2057.30,1,B
13:50:26,2057.50,1,M
13:50:26,2057.50,1,M
13:50:26,2057.50,19,M
13:50:26,2057.50,1,M
13:50:26,2057.50,1,M
13:50:26,2057.50,5,M
13:50:26,2057.50,1,M
13:50:26,2057.50,1,M
13:50:26,2057.50,1,M
13:50:26,2057.50,1,M
13:50:26,2057.50,1,M
13:50:26,2057.40,4,B
13:50:26,2057.50,1,M
13:50:26,2057.50,4,M
13:50:26,2057.40,2,M
13:50:26,2057.30,3,B
13:50:26,2057.40,1,M
13:50:26,2057.30,3,B
13:50:26,2057.40,1,M
13:50:26,2057.40,1,M
13:50:26,2057.40,1,M
13:50:26,2057.40,1,M
13:50:26,2057.40,1,M
13:50:26,2057.40,1,M
13:50:26,2057.40,1,M
13:50:26,2057.40,1,M
13:50:26,2057.40,1,M
13:50:26,2057.00,1,B
13:50:26,2057.40,8,M
13:50:26,2057.40,2,M
13:50:26,2057.40,8,M
13:50:26,2057.30,1,B
13:50:26,2057.40,1,M
13:50:26,2057.40,2,M
13:50:25,2057.40,2,M
13:50:25,2057.40,3,M
13:50:25,2057.40,2,M
13:50:25,2057.40,2,M
13:50:25,2057.40,1,M
13:50:25,2057.40,3,M
13:50:25,2057.40,5,M
13:50:25,2057.40,5,M
13:50:25,2057.30,1,M
13:50:25,2057.30,1,M
13:50:25,2057.30,2,M
13:50:25,2057.30,2,M
13:50:25,2057.30,3,M
13:50:25,2057.30,1,M
13:50:25,2057.30,1,M
13:50:25,2057.30,1,M
13:50:25,2057.30,1,M
13:50:25,2057.20,1,M
13:50:25,2057.20,1,M
13:50:25,2057.20,1,M
13:50:25,2057.20,2,M
13:50:25,2057.20,48,M
13:50:25,2057.20,2,M
13:50:25,2057.20,1,M
13:50:25,2057.00,21,B
13:50:25,2057.10,9,B
13:50:25,2057.20,1,M
13:50:25,2057.20,1,M
13:50:25,2057.20,2,M
13:50:25,2057.10,1,M
13:50:25,2057.10,4,M
13:50:25,2057.10,1,M
13:50:25,2057.10,1,M
13:50:25,2057.10,1,M
13:50:25,2057.10,1,M
13:50:25,2057.10,26,M
13:50:25,2057.10,1,M
13:50:25,2057.10,1,M
13:50:25,2057.10,22,M
13:50:25,2057.10,8,M
13:50:25,2057.00,1,M
13:50:25,2057.00,4,M
13:50:25,2057.00,1,M
13:50:25,2057.00,1,M
13:50:25,2057.00,1,M
13:50:25,2057.00,2,M
13:50:25,2057.00,1,M
13:50:25,2057.00,5,M
13:50:25,2057.00,1,M
13:50:25,2057.00,1,M
13:50:25,2057.00,12,M
13:50:25,2057.00,10,M
13:50:25,2057.00,1,M
13:50:25,2057.00,3,M
13:50:25,2057.00,1,M
13:50:25,2057.00,1,M
13:50:25,2057.00,20,M
13:50:25,2057.00,1,M
13:50:25,2057.00,1,M
13:50:25,2057.00,1,M
13:50:25,2057.00,5,M
13:50:25,2057.00,1,M
13:50:25,2057.00,1,M
13:50:25,2057.00,1,M
13:50:25,2057.00,2,M
13:50:25,2057.00,1,M
13:50:25,2057.00,5,M
13:50:25,2057.00,4,M
13:50:25,2057.00,1,M
13:50:25,2057.00,1,M
13:50:25,2057.00,1,M
13:50:25,2057.00,1,M
13:50:25,2057.00,2,M
13:50:25,2057.00,1,M
13:50:25,2057.00,2,M
13:50:25,2057.00,1,M
13:50:25,2057.00,7,M
13:50:25,2057.00,1,M
13:50:25,2057.00,8,M
13:50:25,2057.00,1,M
13:50:25,2057.00,11,M
13:50:25,2057.00,1,M
13:50:25,2057.00,1,M
13:50:25,2057.00,3,M
13:50:25,2057.00,11,M
13:50:25,2057.00,3,M
13:50:25,2057.00,2,M
13:50:25,2057.00,2,M
13:50:25,2057.00,1,M
13:50:25,2057.00,1,M
13:50:25,2057.00,1,M
13:50:25,2057.00,3,M
13:50:24,2057.00,1,M
13:50:24,2057.00,1,M
13:50:24,2057.00,1,M
13:50:24,2057.00,6,M
13:50:24,2057.00,1,M
13:50:24,2057.00,1,M
13:50:24,2057.00,2,M
13:50:24,2057.00,2,M
13:50:24,2056.90,3,M
13:50:24,2056.90,2,M
13:50:24,2056.90,1,M
13:50:24,2056.90,1,M
13:50:24,2056.90,1,M
13:50:24,2056.90,4,M
13:50:24,2056.90,1,M
13:50:24,2056.90,1,M
13:50:24,2056.90,1,M
13:50:24,2056.90,1,M
13:50:24,2056.90,1,M
13:50:24,2056.90,5,M
13:50:24,2056.90,1,M
13:50:24,2056.90,1,M
13:50:24,2056.90,3,M
13:50:24,2056.90,1,M
13:50:24,2056.80,1,B
13:50:24,2056.80,1,B
13:50:24,2056.90,1,M
13:50:23,2056.90,1,M
13:50:23,2056.90,2,M
13:50:23,2056.90,1,M
13:50:23,2056.90,1,M
13:50:23,2056.90,2,M
13:50:23,2056.90,1,M
13:50:23,2056.90,1,M
13:50:23,2056.90,1,M
13:50:23,2056.80,1,M
13:50:23,2056.80,1,M
13:50:23,2056.80,1,M
13:50:23,2056.80,1,M
13:50:23,2056.80,1,M
13:50:23,2056.80,1,M
13:50:23,2056.80,1,M
13:50:23,2056.80,1,M
13:50:23,2056.80,1,M
13:50:23,2056.80,1,M
13:50:23,2056.80,1,M
13:50:23,2056.80,2,M
13:50:23,2056.80,1,M
13:50:23,2056.80,1,M
13:50:23,2056.80,1,M
13:50:23,2056.80,17,M
13:50:23,2056.80,2,M
13:50:23,2056.60,1,M
13:50:22,2056.80,1,M
13:50:22,2056.60,1,M
13:50:22,2056.80,1,M
13:50:22,2056.80,1,M
13:50:22,2056.80,5,M
13:50:22,2056.80,1,M
13:50:22,2056.70,1,M
13:50:21,2056.70,2,M
13:50:21,2056.40,1,B
13:50:21,2056.70,1,M
13:50:21,2056.70,1,M
13:50:21,2056.60,1,M
13:50:21,2056.50,1,B
13:50:21,2056.60,2,M
13:50:21,2056.60,3,M
13:50:21,2056.50,1,M
13:50:20,2056.70,1,M
13:50:20,2056.70,1,M
13:50:20,2056.70,1,M
13:50:20,2056.70,1,M
13:50:20,2056.70,1,M
13:50:20,2056.70,2,M
13:50:20,2056.50,1,M
13:50:20,2056.40,1,B
13:50:20,2056.50,8,M
13:50:20,2056.60,1,B
13:50:20,2056.60,3,B
13:50:20,2056.60,1,B
13:50:20,2056.60,1,B
13:50:20,2056.70,1,M
13:50:20,2056.70,1,M
13:50:20,2056.60,1,B
13:50:19,2056.60,1,B
13:50:19,2056.60,1,B
13:50:19,2056.60,1,B
13:50:19,2056.70,2,M
13:50:19,2056.70,1,M
13:50:19,2056.70,1,M
13:50:19,2056.70,1,M
13:50:19,2056.70,5,M
13:50:19,2056.60,1,M
13:50:19,2056.60,1,M
13:50:19,2056.60,1,M
13:50:19,2056.60,1,M
13:50:19,2056.60,5,M
13:50:19,2056.60,1,M
13:50:19,2056.60,2,M
13:50:19,2056.60,3,M
13:50:19,2056.60,3,M
13:50:19,2056.60,2,M
13:50:19,2056.60,1,M
13:50:19,2056.60,1,M
13:50:19,2056.60,2,M
13:50:19,2056.50,1,M
13:50:19,2056.50,1,M
13:50:19,2056.50,4,M
13:50:19,2056.50,2,M
13:50:19,2056.50,1,M
13:50:18,2056.50,1,M
13:50:18,2056.50,4,M
13:50:18,2056.50,1,M
13:50:18,2056.50,1,M
13:50:18,2056.50,1,M
13:50:18,2056.30,4,B
13:50:17,2056.50,2,M
13:50:17,2056.50,1,M
13:50:17,2056.50,2,M
13:50:17,2056.50,1,M
13:50:17,2056.50,1,M
13:50:17,2056.50,2,M
13:50:17,2056.50,2,M
13:50:17,2056.50,1,M
13:50:17,2056.50,1,M
13:50:17,2056.50,1,M
13:50:17,2056.50,1,M
13:50:17,2056.50,1,M
13:50:17,2056.50,1,M
13:50:17,2056.50,1,M
13:50:17,2056.50,1,M
13:50:17,2056.50,1,M
13:50:17,2056.50,10,M
13:50:17,2056.50,2,M
13:50:17,2056.50,1,M
13:50:17,2056.50,9,M
13:50:16,2056.50,1,M
13:50:16,2056.10,1,B
13:50:16,2056.50,1,M
13:50:16,2056.50,1,M
13:50:15,2056.50,2,M
13:50:15,2056.50,1,M
13:50:15,2056.50,1,M
13:50:15,2056.50,4,M
13:50:15,2056.50,1,M
13:50:14,2056.10,1,B
13:50:14,2056.50,1,M
13:50:14,2056.50,1,M
13:50:14,2056.30,1,M
13:50:13,2056.10,1,B
13:50:13,2056.50,1,M
13:50:13,2056.50,1,M
13:50:13,2056.50,3,M
13:50:13,2056.50,2,M
13:50:13,2056.50,2,M
13:50:13,2056.50,2,M
13:50:13,2056.50,2,M
13:50:13,2056.20,1,M
13:50:13,2056.20,2,M
13:50:13,2056.50,5,M
13:50:13,2056.50,2,M
13:50:13,2056.50,4,M
13:50:13,2056.50,1,M
13:50:13,2056.50,3,M
13:50:13,2056.50,1,M
13:50:13,2056.50,1,M
13:50:13,2056.50,1,M
13:50:13,2056.50,1,M
13:50:13,2056.50,1,M
13:50:13,2056.40,5,M
13:50:13,2056.20,2,M
13:50:12,2056.50,1,M
13:50:12,2056.50,1,M
13:50:12,2056.50,3,M
13:50:12,2056.50,1,M
13:50:12,2056.50,2,M
13:50:12,2056.50,1,M
13:50:12,2056.50,2,M
13:50:12,2056.40,5,M
13:50:12,2056.40,1,M
13:50:12,2056.40,2,M
13:50:12,2056.40,1,M
13:50:12,2056.40,1,M
13:50:12,2056.40,9,M
13:50:12,2056.40,5,M
13:50:12,2056.40,1,M
13:50:12,2056.40,2,M
13:50:12,2056.40,1,M
13:50:12,2056.40,1,M
13:50:12,2056.40,1,M
13:50:12,2056.10,1,B
13:50:11,2056.20,5,B
13:50:11,2056.20,1,B
13:50:11,2056.20,1,B
13:50:11,2056.20,1,B
13:50:11,2056.20,1,B
13:50:11,2056.20,1,B
